timestamp,trade_id,price,amount,taker_side_sell,currency_pair
2023-03-01 00:00:00.295000064,429089835.0,1605.59,0.05172587,0.0,eth-usd
2023-03-01 00:00:00.295000064,429089836.0,1605.6,1.24564025,0.0,eth-usd
2023-03-01 00:00:00.295000064,429089837.0,1605.62,0.0808706,0.0,eth-usd
2023-03-01 00:00:00.295000064,429089838.0,1605.62,0.00095305,0.0,eth-usd
2023-03-01 00:00:00.855000064,429089839.0,1605.58,0.03128248,1.0,eth-usd
2023-03-01 00:00:00.975000064,429089840.0,1605.58,0.0053,1.0,eth-usd
2023-03-01 00:00:01.079000064,429089841.0,1605.58,0.04343221,1.0,eth-usd
2023-03-01 00:00:01.079000064,429089842.0,1605.58,0.01558938,1.0,eth-usd
2023-03-01 00:00:01.079000064,429089843.0,1605.48,0.08353843,1.0,eth-usd
2023-03-01 00:00:01.092000000,429089844.0,1605.48,0.12527051,1.0,eth-usd
2023-03-01 00:00:01.174000128,429089845.0,1605.48,0.01906983,1.0,eth-usd
2023-03-01 00:00:01.497999872,429089846.0,1605.49,0.18974,0.0,eth-usd
2023-03-01 00:00:01.497999872,429089847.0,1605.49,1.2457256,0.0,eth-usd
2023-03-01 00:00:01.497999872,429089848.0,1605.49,0.30306106,0.0,eth-usd
2023-03-01 00:00:04.051000064,429089849.0,1605.49,0.00309969,0.0,eth-usd
2023-03-01 00:00:04.651000064,429089850.0,1605.49,0.00343677,0.0,eth-usd
2023-03-01 00:00:05.193999872,429089851.0,1605.48,0.04001295,1.0,eth-usd
2023-03-01 00:00:05.193999872,429089852.0,1605.48,6.22e-06,1.0,eth-usd
2023-03-01 00:00:05.193999872,429089853.0,1605.48,0.01559035,1.0,eth-usd
2023-03-01 00:00:05.193999872,429089854.0,1605.48,0.01758556,1.0,eth-usd
2023-03-01 00:00:05.830000128,429089855.0,1605.48,0.237,1.0,eth-usd
2023-03-01 00:00:05.830000128,429089856.0,1605.48,0.983,1.0,eth-usd
2023-03-01 00:00:05.830000128,429089857.0,1605.48,0.017,1.0,eth-usd
2023-03-01 00:00:05.830000128,429089858.0,1605.47,0.24632,1.0,eth-usd
2023-03-01 00:00:05.849999872,429089859.0,1605.46,0.38691,1.0,eth-usd
2023-03-01 00:00:07.248999936,429089860.0,1605.47,0.06641867,0.0,eth-usd
2023-03-01 00:00:07.248999936,429089861.0,1605.47,0.02645467,0.0,eth-usd
2023-03-01 00:00:07.345999872,429089862.0,1605.48,0.07629415,0.0,eth-usd
2023-03-01 00:00:07.345999872,429089863.0,1605.55,0.06228745,0.0,eth-usd
2023-03-01 00:00:07.345999872,429089864.0,1605.56,0.00412294,0.0,eth-usd
2023-03-01 00:00:07.401999872,429089865.0,1605.46,0.02000672,1.0,eth-usd
2023-03-01 00:00:07.401999872,429089866.0,1605.46,1.28,1.0,eth-usd
2023-03-01 00:00:07.401999872,429089867.0,1605.45,1.24575499,1.0,eth-usd
2023-03-01 00:00:07.919000064,429089868.0,1605.34,1.24584003,1.0,eth-usd
2023-03-01 00:00:07.919000064,429089869.0,1605.34,0.24632075,1.0,eth-usd
2023-03-01 00:00:08.067000064,429089870.0,1605.25,1.55738121,1.0,eth-usd
2023-03-01 00:00:08.080999936,429089871.0,1605.3,0.0055855,0.0,eth-usd
2023-03-01 00:00:08.156000000,429089872.0,1605.3,0.017365,0.0,eth-usd
2023-03-01 00:00:09.399000064,429089873.0,1605.19,0.02001009,1.0,eth-usd
2023-03-01 00:00:09.399000064,429089874.0,1605.19,1.24595168,1.0,eth-usd
2023-03-01 00:00:11.587000064,429089875.0,1605.11,0.00934306,1.0,eth-usd
2023-03-01 00:00:12.992000000,429089876.0,1605.13,0.00093451,0.0,eth-usd
2023-03-01 00:00:13.179000064,429089877.0,1605.11,0.11451138,1.0,eth-usd
2023-03-01 00:00:13.179000064,429089878.0,1605.11,1.41,1.0,eth-usd
2023-03-01 00:00:15.196000000,429089879.0,1605.03,0.18690686,1.0,eth-usd
2023-03-01 00:00:15.196000000,429089880.0,1605.02,0.31151472,1.0,eth-usd
2023-03-01 00:00:15.196000000,429089881.0,1605.02,0.24632075,1.0,eth-usd
2023-03-01 00:00:15.196000000,429089882.0,1605.01,0.82801885,1.0,eth-usd
2023-03-01 00:00:15.966000128,429089883.0,1605.08,0.0661072,0.0,eth-usd
2023-03-01 00:00:15.966000128,429089884.0,1605.09,0.01591207,0.0,eth-usd
2023-03-01 00:00:16.292999936,429089885.0,1605.07,0.00928964,0.0,eth-usd
2023-03-01 00:00:16.519000064,429089886.0,1604.96,1.24613498,1.0,eth-usd
2023-03-01 00:00:17.371000064,429089887.0,1604.88,0.00442332,1.0,eth-usd
2023-03-01 00:00:18.900000000,429089888.0,1604.96,0.00558459,0.0,eth-usd
2023-03-01 00:00:19.220000000,429089889.0,1604.96,0.06683079,0.0,eth-usd
2023-03-01 00:00:19.220000000,429089890.0,1604.97,0.02430203,0.0,eth-usd
2023-03-01 00:00:19.934000128,429089891.0,1604.97,0.01212848,0.0,eth-usd
2023-03-01 00:00:20.308000000,429089892.0,1604.97,0.02523521,0.0,eth-usd
2023-03-01 00:00:20.308000000,429089893.0,1604.97,0.02076172,0.0,eth-usd
2023-03-01 00:00:20.308000000,429089894.0,1604.97,0.01875307,0.0,eth-usd
2023-03-01 00:00:20.308000000,429089895.0,1604.97,5.45e-06,0.0,eth-usd
2023-03-01 00:00:20.308000000,429089896.0,1604.98,0.06778,0.0,eth-usd
2023-03-01 00:00:20.375000064,429089897.0,1604.98,8e-07,0.0,eth-usd
2023-03-01 00:00:20.375000064,429089898.0,1605.07,0.03106,0.0,eth-usd
2023-03-01 00:00:20.375000064,429089899.0,1605.11,1.24602395,0.0,eth-usd
2023-03-01 00:00:21.119000064,429089900.0,1605.11,0.0083728,0.0,eth-usd
2023-03-01 00:00:21.699000064,429089901.0,1605.1,0.00135653,0.0,eth-usd
2023-03-01 00:00:21.703000064,429089902.0,1605.1,0.05432285,0.0,eth-usd
2023-03-01 00:00:21.703000064,429089903.0,1605.1,0.18690511,0.0,eth-usd
2023-03-01 00:00:21.703000064,429089904.0,1605.11,0.07099926,0.0,eth-usd
2023-03-01 00:00:21.703000064,429089905.0,1605.12,0.05842369,0.0,eth-usd
2023-03-01 00:00:22.201999872,429089906.0,1605.12,0.00620349,0.0,eth-usd
2023-03-01 00:00:23.223000064,429089907.0,1605.08,1.17,1.0,eth-usd
2023-03-01 00:00:23.223000064,429089908.0,1605.04,0.01823007,1.0,eth-usd
2023-03-01 00:00:23.223000064,429089909.0,1605.02,1.24608293,1.0,eth-usd
2023-03-01 00:00:23.223000064,429089910.0,1605.0,0.065687,1.0,eth-usd
2023-03-01 00:00:23.524000000,429089911.0,1605.0,0.18691269,1.0,eth-usd
2023-03-01 00:00:23.524000000,429089912.0,1604.99,0.045638,1.0,eth-usd
2023-03-01 00:00:25.340000000,429089913.0,1604.93,0.00619968,0.0,eth-usd
2023-03-01 00:00:27.208999936,429089914.0,1604.85,1.43393055,1.0,eth-usd
2023-03-01 00:00:27.208999936,429089915.0,1604.84,0.01823857,1.0,eth-usd
2023-03-01 00:00:27.208999936,429089916.0,1604.83,1.0,1.0,eth-usd
2023-03-01 00:00:27.208999936,429089917.0,1604.82,2.21,1.0,eth-usd
2023-03-01 00:00:29.404999936,429089918.0,1604.77,0.00832959,1.0,eth-usd
2023-03-01 00:00:29.804000000,429089919.0,1604.83,0.00097914,0.0,eth-usd
2023-03-01 00:00:31.600999936,429089920.0,1604.81,0.05786741,0.0,eth-usd
2023-03-01 00:00:32.070000128,429089921.0,1604.81,0.01053986,0.0,eth-usd
2023-03-01 00:00:33.368999936,429089922.0,1604.79,0.0598331,0.0,eth-usd
2023-03-01 00:00:34.609999872,429089923.0,1604.77,0.07666722,0.0,eth-usd
2023-03-01 00:00:34.609999872,429089924.0,1604.78,0.05750041,0.0,eth-usd
2023-03-01 00:00:34.609999872,429089925.0,1604.81,0.09356919,0.0,eth-usd
2023-03-01 00:00:34.609999872,429089926.0,1604.82,0.18694064,0.0,eth-usd
2023-03-01 00:00:34.609999872,429089927.0,1604.83,0.128239,0.0,eth-usd
2023-03-01 00:00:35.632999936,429089928.0,1604.77,0.00616895,0.0,eth-usd
2023-03-01 00:00:36.268000000,429089929.0,1604.77,0.03100598,0.0,eth-usd
2023-03-01 00:00:36.551000064,429089930.0,1604.77,0.01375477,0.0,eth-usd
2023-03-01 00:00:37.427000064,429089931.0,1604.77,0.0216675,0.0,eth-usd
2023-03-01 00:00:38.448000000,429089932.0,1604.76,1.23,1.0,eth-usd
2023-03-01 00:00:38.452000000,429089933.0,1604.72,0.12745578,1.0,eth-usd
2023-03-01 00:00:38.452000000,429089934.0,1604.71,2.21,1.0,eth-usd
2023-03-01 00:00:38.460000000,429089935.0,1604.68,0.63001231,1.0,eth-usd
2023-03-01 00:00:38.460000000,429089936.0,1604.68,0.86771359,1.0,eth-usd
2023-03-01 00:00:38.460999936,429089937.0,1604.68,0.37863349,1.0,eth-usd
2023-03-01 00:00:38.478000128,429089938.0,1604.67,1.57503055,1.0,eth-usd
2023-03-01 00:00:38.752999936,429089939.0,1604.68,0.00037209,0.0,eth-usd
2023-03-01 00:00:38.984999936,429089940.0,1604.69,0.24632075,0.0,eth-usd
2023-03-01 00:00:38.984999936,429089941.0,1604.71,1.24633726,0.0,eth-usd
2023-03-01 00:00:38.984999936,429089942.0,1604.71,0.09258649,0.0,eth-usd
2023-03-01 00:00:38.984999936,429089943.0,1604.72,0.06093898,0.0,eth-usd
2023-03-01 00:00:38.984999936,429089944.0,1604.78,1.41614581,0.0,eth-usd
2023-03-01 00:00:38.984999936,429089946.0,1604.82,1.28040764,0.0,eth-usd
2023-03-01 00:00:38.984999936,429089949.0,1604.89,2.16964608,0.0,eth-usd
2023-03-01 00:00:38.984999936,429089950.0,1604.89,0.33035392,0.0,eth-usd
2023-03-01 00:00:38.984999936,429089951.0,1604.97,1.59256524,0.0,eth-usd
2023-03-01 00:00:38.984999936,429089945.0,1604.82,0.13573817,0.0,eth-usd
2023-03-01 00:00:38.984999936,429089947.0,1604.83,0.64212622,0.0,eth-usd
2023-03-01 00:00:38.984999936,429089948.0,1604.88,1.24620169,0.0,eth-usd
2023-03-01 00:00:39.004000000,429089952.0,1604.77,0.31159582,0.0,eth-usd
2023-03-01 00:00:39.004000000,429089953.0,1604.99,2.05269623,0.0,eth-usd
2023-03-01 00:00:39.060000000,429089955.0,1604.97,1.43598591,0.0,eth-usd
2023-03-01 00:00:39.060000000,429089954.0,1604.8,0.24632075,0.0,eth-usd
2023-03-01 00:00:39.075000064,429089956.0,1604.97,0.1216853,0.0,eth-usd
2023-03-01 00:00:39.112000000,429089957.0,1605.05,0.01672,0.0,eth-usd
2023-03-01 00:00:39.112000000,429089958.0,1605.08,10.0,0.0,eth-usd
2023-03-01 00:00:39.420000000,429089959.0,1605.05,0.06405915,0.0,eth-usd
2023-03-01 00:00:39.420000000,429089960.0,1605.06,0.06444122,0.0,eth-usd
2023-03-01 00:00:39.422000128,429089961.0,1605.13,0.05438,0.0,eth-usd
2023-03-01 00:00:39.422000128,429089962.0,1605.38,1.00000002,0.0,eth-usd
2023-03-01 00:00:39.422000128,429089963.0,1605.39,2.5,0.0,eth-usd
2023-03-01 00:00:39.448999936,429089964.0,1605.56,0.31857723,0.0,eth-usd
2023-03-01 00:00:39.457999872,429089965.0,1605.72,1.17711111,0.0,eth-usd
2023-03-01 00:00:39.457999872,429089966.0,1605.72,8.39586917,0.0,eth-usd
2023-03-01 00:00:39.459000064,429089967.0,1605.72,1.9835663,0.0,eth-usd
2023-03-01 00:00:39.459000064,429089968.0,1605.72,1.70622065,0.0,eth-usd
2023-03-01 00:00:39.459000064,429089969.0,1605.72,1.51054543,0.0,eth-usd
2023-03-01 00:00:39.459000064,429089970.0,1605.73,2.67521717,0.0,eth-usd
2023-03-01 00:00:39.459000064,429089971.0,1605.73,9.90013979,0.0,eth-usd
2023-03-01 00:00:39.459000064,429089972.0,1605.73,1.33153554,0.0,eth-usd
2023-03-01 00:00:39.459000064,429089973.0,1605.73,2.4029658,0.0,eth-usd
2023-03-01 00:00:39.460000000,429089974.0,1605.73,2.47634493,0.0,eth-usd
2023-03-01 00:00:39.460000000,429089975.0,1605.73,2.02197799,0.0,eth-usd
2023-03-01 00:00:39.462000128,429089976.0,1605.73,1.30174975,0.0,eth-usd
2023-03-01 00:00:39.462000128,429089977.0,1605.73,2.39029688,0.0,eth-usd
2023-03-01 00:00:39.476000000,429089978.0,1605.73,3.66506612,0.0,eth-usd
2023-03-01 00:00:39.492000000,429089979.0,1605.72,4.94184541,0.0,eth-usd
2023-03-01 00:00:39.500000000,429089980.0,1605.73,20.92658575,0.0,eth-usd
2023-03-01 00:00:39.500000000,429089981.0,1605.73,8.55866279,0.0,eth-usd
2023-03-01 00:00:39.763000064,429089983.0,1605.69,0.65,1.0,eth-usd
2023-03-01 00:00:39.763000064,429089984.0,1605.53,0.12454672,1.0,eth-usd
2023-03-01 00:00:39.763000064,429089985.0,1605.53,0.34937904,1.0,eth-usd
2023-03-01 00:00:39.763000064,429089982.0,1605.71,0.24632075,1.0,eth-usd
2023-03-01 00:00:39.809999872,429089986.0,1605.55,1.24567905,1.0,eth-usd
2023-03-01 00:00:39.809999872,429089987.0,1605.54,2.074e-05,1.0,eth-usd
2023-03-01 00:00:39.809999872,429089988.0,1605.54,0.24630001,1.0,eth-usd
2023-03-01 00:00:39.809999872,429089989.0,1605.52,1.24569979,1.0,eth-usd
2023-03-01 00:00:39.838000128,429089990.0,1605.45,0.12455161,1.0,eth-usd
2023-03-01 00:00:39.838000128,429089991.0,1605.44,0.88400005,1.0,eth-usd
2023-03-01 00:00:39.838000128,429089992.0,1605.43,2.21,1.0,eth-usd
2023-03-01 00:00:39.887000064,429089993.0,1605.66,0.01899608,0.0,eth-usd
2023-03-01 00:00:39.952000000,429089994.0,1605.6,0.61999423,1.0,eth-usd
2023-03-01 00:00:39.952000000,429089995.0,1605.55,0.072,1.0,eth-usd
2023-03-01 00:00:39.952000000,429089996.0,1605.43,1.51800577,1.0,eth-usd
2023-03-01 00:00:40.137999872,429089997.0,1605.66,0.02976599,0.0,eth-usd
2023-03-01 00:00:40.360999936,429089998.0,1605.7,1.24556268,0.0,eth-usd
2023-03-01 00:00:45.097999872,429089999.0,1605.72,0.02153775,0.0,eth-usd
2023-03-01 00:00:45.212000000,429090000.0,1605.72,0.06690973,0.0,eth-usd
2023-03-01 00:00:45.212000000,429090001.0,1605.73,0.06323135,0.0,eth-usd
2023-03-01 00:00:45.216000000,429090002.0,1605.88,1.57120393,0.0,eth-usd
2023-03-01 00:00:45.465999872,429090003.0,1605.97,0.07583941,0.0,eth-usd
2023-03-01 00:00:45.465999872,429090004.0,1605.98,0.06845287,0.0,eth-usd
2023-03-01 00:00:45.465999872,429090005.0,1606.12,1.24524204,0.0,eth-usd
2023-03-01 00:00:46.713999872,429090006.0,1606.08,0.00219789,1.0,eth-usd
2023-03-01 00:00:46.713999872,429090007.0,1606.08,0.06352111,1.0,eth-usd
2023-03-01 00:00:46.713999872,429090008.0,1606.02,1.24531186,1.0,eth-usd
2023-03-01 00:00:46.857999872,429090009.0,1606.1,0.08689903,0.0,eth-usd
2023-03-01 00:00:48.224999936,429090010.0,1606.08,0.01450357,0.0,eth-usd
2023-03-01 00:00:51.072000000,429090011.0,1606.08,0.03974126,0.0,eth-usd
2023-03-01 00:00:51.576999936,429090012.0,1606.07,0.03176075,1.0,eth-usd
2023-03-01 00:00:51.576999936,429090013.0,1606.07,0.58160919,1.0,eth-usd
2023-03-01 00:00:51.718000128,429090014.0,1606.07,0.00595835,1.0,eth-usd
2023-03-01 00:00:53.203000064,429090015.0,1606.07,0.00625751,1.0,eth-usd
2023-03-01 00:00:54.187000064,429090016.0,1606.07,0.01588349,1.0,eth-usd
2023-03-01 00:00:54.187000064,429090017.0,1606.07,0.36143506,1.0,eth-usd
2023-03-01 00:00:54.360999936,429090018.0,1606.08,0.0055863,0.0,eth-usd
2023-03-01 00:00:55.979000064,429090019.0,1606.08,0.00248482,0.0,eth-usd
2023-03-01 00:00:57.420999936,429090020.0,1606.08,0.00415048,0.0,eth-usd
2023-03-01 00:00:57.420999936,429090021.0,1606.08,0.01311897,0.0,eth-usd
2023-03-01 00:00:57.788000000,429090022.0,1606.07,0.74856494,1.0,eth-usd
2023-03-01 00:00:57.788000000,429090023.0,1606.07,0.01588349,1.0,eth-usd
2023-03-01 00:00:57.792999936,429090024.0,1605.98,1.24533828,1.0,eth-usd
2023-03-01 00:00:57.792999936,429090025.0,1605.93,0.31669438,1.0,eth-usd
2023-03-01 00:00:57.792999936,429090026.0,1605.91,1.55674392,1.0,eth-usd
2023-03-01 00:00:57.832999936,429090027.0,1605.87,0.5,1.0,eth-usd
2023-03-01 00:00:57.832999936,429090028.0,1605.82,1.55682749,1.0,eth-usd
2023-03-01 00:00:57.868999936,429090029.0,1605.75,0.3,1.0,eth-usd
2023-03-01 00:00:57.868999936,429090030.0,1605.74,1.0,1.0,eth-usd
2023-03-01 00:00:58.064000000,429090031.0,1605.64,0.46706951,1.0,eth-usd
2023-03-01 00:00:58.064000000,429090032.0,1605.63,0.31135848,1.0,eth-usd
2023-03-01 00:00:58.092999936,429090033.0,1605.6,2.25402402,1.0,eth-usd
2023-03-01 00:00:58.092999936,429090034.0,1605.6,0.63656195,1.0,eth-usd
2023-03-01 00:00:58.092999936,429090035.0,1605.59,2.953,1.0,eth-usd
2023-03-01 00:00:58.092999936,429090036.0,1605.59,0.95690292,1.0,eth-usd
2023-03-01 00:00:58.471000064,429090037.0,1605.58,0.01251752,1.0,eth-usd
2023-03-01 00:00:59.376000000,429090038.0,1605.79,0.00145979,0.0,eth-usd
2023-03-01 00:00:59.872000000,429090039.0,1605.79,0.02961789,0.0,eth-usd
2023-03-01 00:01:01.900000000,429090040.0,1605.79,0.02585795,0.0,eth-usd
2023-03-01 00:01:01.900000000,429090041.0,1605.79,0.05699149,0.0,eth-usd
2023-03-01 00:01:01.900000000,429090042.0,1605.8,0.07599723,0.0,eth-usd
2023-03-01 00:01:01.953999872,429090043.0,1606.05,0.01146733,0.0,eth-usd
2023-03-01 00:01:02.648000000,429090044.0,1605.83,0.18681736,1.0,eth-usd
2023-03-01 00:01:02.648000000,429090045.0,1605.82,0.18681753,1.0,eth-usd
2023-03-01 00:01:02.648000000,429090046.0,1605.81,0.18543032,1.0,eth-usd
2023-03-01 00:01:02.752000000,429090047.0,1605.81,0.82224,1.0,eth-usd
2023-03-01 00:01:03.048999936,429090048.0,1605.81,1.24547,1.0,eth-usd
2023-03-01 00:01:03.062000128,429090049.0,1605.81,7.36e-06,1.0,eth-usd
2023-03-01 00:01:03.668000000,429090050.0,1605.72,1.07117285,1.0,eth-usd
2023-03-01 00:01:03.668000000,429090051.0,1605.71,1.24554823,1.0,eth-usd
2023-03-01 00:01:04.822000128,429090052.0,1605.62,0.00563593,1.0,eth-usd
2023-03-01 00:01:04.904999936,429090053.0,1605.62,1.07,1.0,eth-usd
2023-03-01 00:01:04.904999936,429090054.0,1605.61,0.18683745,1.0,eth-usd
2023-03-01 00:01:04.904999936,429090055.0,1605.6,0.31138975,1.0,eth-usd
2023-03-01 00:01:04.904999936,429090056.0,1605.6,0.1755497,1.0,eth-usd
2023-03-01 00:01:05.532999936,429090057.0,1605.56,0.62263,1.0,eth-usd
2023-03-01 00:01:05.660999936,429090058.0,1605.63,0.06014874,0.0,eth-usd
2023-03-01 00:01:08.971000064,429090059.0,1605.52,0.06382429,1.0,eth-usd
2023-03-01 00:01:09.239000064,429090060.0,1605.56,0.00476987,0.0,eth-usd
2023-03-01 00:01:09.739000064,429090061.0,1605.52,0.05,1.0,eth-usd
2023-03-01 00:01:09.936000000,429090062.0,1605.48,0.3,1.0,eth-usd
2023-03-01 00:01:10.601999872,429090063.0,1605.4,1.24579425,1.0,eth-usd
2023-03-01 00:01:10.686000128,429090064.0,1605.35,0.83756285,1.0,eth-usd
2023-03-01 00:01:10.686000128,429090065.0,1605.33,1.37964279,1.0,eth-usd
2023-03-01 00:01:10.704999936,429090066.0,1605.4,0.01256778,0.0,eth-usd
2023-03-01 00:01:10.740000000,429090067.0,1605.34,0.04931188,1.0,eth-usd
2023-03-01 00:01:11.529999872,429090068.0,1605.36,0.89,1.0,eth-usd
2023-03-01 00:01:11.700000000,429090069.0,1605.33,1.55730262,1.0,eth-usd
2023-03-01 00:01:12.139000064,429090070.0,1605.27,0.00704161,1.0,eth-usd
2023-03-01 00:01:12.828000000,429090071.0,1605.31,0.0016834,0.0,eth-usd
2023-03-01 00:01:13.008000000,429090072.0,1605.31,0.00215473,0.0,eth-usd
2023-03-01 00:01:13.424000000,429090073.0,1605.3,0.01517474,1.0,eth-usd
2023-03-01 00:01:14.676000000,429090074.0,1605.31,0.00336308,0.0,eth-usd
2023-03-01 00:01:15.030000128,429090075.0,1605.31,0.02077472,0.0,eth-usd
2023-03-01 00:01:16.015000064,429090076.0,1605.31,0.02974319,0.0,eth-usd
2023-03-01 00:01:16.057999872,429090077.0,1605.31,0.00083612,0.0,eth-usd
2023-03-01 00:01:16.057999872,429090078.0,1605.31,0.04959154,0.0,eth-usd
2023-03-01 00:01:16.057999872,429090079.0,1605.32,0.09032457,0.0,eth-usd
2023-03-01 00:01:16.057999872,429090080.0,1605.47,0.46718089,0.0,eth-usd
2023-03-01 00:01:16.057999872,429090081.0,1605.48,0.18687255,0.0,eth-usd
2023-03-01 00:01:16.057999872,429090082.0,1605.49,0.31145378,0.0,eth-usd
2023-03-01 00:01:16.057999872,429090083.0,1605.5,0.24632075,0.0,eth-usd
2023-03-01 00:01:16.057999872,429090084.0,1605.51,1.24571255,0.0,eth-usd
2023-03-01 00:01:16.057999872,429090085.0,1605.51,1.57160684,0.0,eth-usd
2023-03-01 00:01:16.057999872,429090086.0,1605.56,2.9307999,0.0,eth-usd
2023-03-01 00:01:16.057999872,429090087.0,1605.57,7.32699966,0.0,eth-usd
2023-03-01 00:01:16.057999872,429090088.0,1605.6,2.28389233,0.0,eth-usd
2023-03-01 00:01:16.057999872,429090089.0,1605.61,1.24563359,0.0,eth-usd
2023-03-01 00:01:16.057999872,429090090.0,1605.62,5.25864944,0.0,eth-usd
2023-03-01 00:01:16.057999872,429090091.0,1605.65,1.35779115,0.0,eth-usd
2023-03-01 00:01:16.057999872,429090092.0,1605.67,0.3,0.0,eth-usd
2023-03-01 00:01:16.057999872,429090093.0,1605.68,0.3,0.0,eth-usd
2023-03-01 00:01:16.057999872,429090094.0,1605.7,0.6227802,0.0,eth-usd
2023-03-01 00:01:16.057999872,429090095.0,1605.7,1.59381805,0.0,eth-usd
2023-03-01 00:01:16.057999872,429090096.0,1605.71,1.5569503,0.0,eth-usd
2023-03-01 00:01:16.057999872,429090097.0,1605.76,1.22969083,0.0,eth-usd
2023-03-01 00:01:16.057999872,429090098.0,1605.77,0.89559373,0.0,eth-usd
2023-03-01 00:01:16.108000000,429090099.0,1605.67,0.01241975,0.0,eth-usd
2023-03-01 00:01:16.136000000,429090100.0,1605.65,6.22e-06,0.0,eth-usd
2023-03-01 00:01:16.551000064,429090101.0,1605.61,0.02309215,0.0,eth-usd
2023-03-01 00:01:17.956000000,429090102.0,1605.33,0.5,1.0,eth-usd
2023-03-01 00:01:17.960000000,429090103.0,1605.33,0.5,1.0,eth-usd
2023-03-01 00:01:17.960000000,429090104.0,1605.31,1.24586528,1.0,eth-usd
2023-03-01 00:01:17.960000000,429090105.0,1605.3,0.3,1.0,eth-usd
2023-03-01 00:01:17.960000000,429090106.0,1605.21,1.55742309,1.0,eth-usd
2023-03-01 00:01:17.960000000,429090107.0,1605.2,0.5,1.0,eth-usd
2023-03-01 00:01:17.960999936,429090108.0,1605.13,1.5910975,1.0,eth-usd
2023-03-01 00:01:17.972999936,429090109.0,1605.19,1.44390053,1.0,eth-usd
2023-03-01 00:01:17.972999936,429090110.0,1605.19,0.12764431,1.0,eth-usd
2023-03-01 00:01:17.988999936,429090111.0,1605.12,2.5065,1.0,eth-usd
2023-03-01 00:01:18.004000000,429090112.0,1605.12,1.44390053,1.0,eth-usd
2023-03-01 00:01:18.040999936,429090113.0,1605.15,0.023,1.0,eth-usd
2023-03-01 00:01:18.720999936,429090114.0,1605.03,0.023,1.0,eth-usd
2023-03-01 00:01:18.720999936,429090115.0,1605.02,0.007,1.0,eth-usd
2023-03-01 00:01:21.667000064,429090116.0,1605.13,0.0475272,1.0,eth-usd
2023-03-01 00:01:22.063000064,429090117.0,1605.14,0.06821,0.0,eth-usd
2023-03-01 00:01:22.065999872,429090118.0,1605.14,6.3e-07,0.0,eth-usd
2023-03-01 00:01:22.065999872,429090119.0,1605.15,0.08035772,0.0,eth-usd
2023-03-01 00:01:22.065999872,429090120.0,1605.3,1.24587684,0.0,eth-usd
2023-03-01 00:01:23.288000000,429090121.0,1605.36,0.0001605,0.0,eth-usd
2023-03-01 00:01:23.636000000,429090122.0,1605.27,0.18687898,1.0,eth-usd
2023-03-01 00:01:23.636000000,429090123.0,1605.27,0.02723922,1.0,eth-usd
2023-03-01 00:01:24.780999936,429090124.0,1605.33,0.06902043,0.0,eth-usd
2023-03-01 00:01:24.780999936,429090125.0,1605.34,0.07294488,0.0,eth-usd
2023-03-01 00:01:24.780999936,429090126.0,1605.38,1.24581259,0.0,eth-usd
2023-03-01 00:01:24.831000064,429090127.0,1605.43,1.24577216,0.0,eth-usd
2023-03-01 00:01:25.759000064,429090128.0,1605.46,0.05786741,1.0,eth-usd
2023-03-01 00:01:25.959000064,429090129.0,1605.51,0.08070569,0.0,eth-usd
2023-03-01 00:01:25.959000064,429090130.0,1605.52,0.06478452,0.0,eth-usd
2023-03-01 00:01:25.959000064,429090131.0,1605.57,0.15098136,0.0,eth-usd
2023-03-01 00:01:28.942000128,429090132.0,1605.57,0.05643479,0.0,eth-usd
2023-03-01 00:01:28.942000128,429090133.0,1605.58,0.05840803,0.0,eth-usd
2023-03-01 00:01:28.942000128,429090134.0,1605.65,0.0544511,0.0,eth-usd
2023-03-01 00:01:29.255000064,429090135.0,1605.63,0.18684778,0.0,eth-usd
2023-03-01 00:01:29.255000064,429090136.0,1605.64,0.15282575,0.0,eth-usd
2023-03-01 00:01:29.315000064,429090137.0,1605.63,0.08063992,0.0,eth-usd
2023-03-01 00:01:29.315000064,429090138.0,1605.64,0.06228619,0.0,eth-usd
2023-03-01 00:01:29.350000128,429090139.0,1605.64,0.01513076,0.0,eth-usd
2023-03-01 00:01:29.350000128,429090140.0,1605.65,0.12349961,0.0,eth-usd
2023-03-01 00:01:29.427000064,429090141.0,1605.65,0.15165478,0.0,eth-usd
2023-03-01 00:01:29.593999872,429090142.0,1605.65,0.68354407,0.0,eth-usd
2023-03-01 00:01:29.644000000,429090143.0,1605.65,0.09326868,0.0,eth-usd
2023-03-01 00:01:29.644000000,429090144.0,1605.65,0.21047177,0.0,eth-usd
2023-03-01 00:01:30.751000064,429090145.0,1605.57,0.04443486,1.0,eth-usd
2023-03-01 00:01:34.016000000,429090146.0,1605.6,0.00112414,1.0,eth-usd
2023-03-01 00:01:34.303000064,429090147.0,1605.6,0.00465246,1.0,eth-usd
2023-03-01 00:01:34.303000064,429090148.0,1605.55,1.24567905,1.0,eth-usd
2023-03-01 00:01:34.303000064,429090149.0,1605.51,0.18684834,1.0,eth-usd
2023-03-01 00:01:34.936000000,429090150.0,1605.5,0.0158853,0.0,eth-usd
2023-03-01 00:01:35.182000128,429090151.0,1605.5,0.03146566,0.0,eth-usd
2023-03-01 00:01:36.688999936,429090152.0,1605.5,0.00184912,0.0,eth-usd
2023-03-01 00:01:37.312000000,429090153.0,1605.5,0.01236514,0.0,eth-usd
2023-03-01 00:01:37.312000000,429090154.0,1605.5,0.0239756,0.0,eth-usd
2023-03-01 00:01:37.312000000,429090155.0,1605.5,0.02377582,0.0,eth-usd
2023-03-01 00:01:37.552000000,429090156.0,1605.5,0.00558345,0.0,eth-usd
2023-03-01 00:01:38.588000000,429090157.0,1605.5,0.008355,0.0,eth-usd
2023-03-01 00:01:38.588000000,429090158.0,1605.5,0.04986312,0.0,eth-usd
2023-03-01 00:01:38.588000000,429090159.0,1605.51,0.00105564,0.0,eth-usd
2023-03-01 00:01:39.092000000,429090160.0,1605.51,0.00248497,0.0,eth-usd
2023-03-01 00:01:39.129999872,429090161.0,1605.51,0.025,0.0,eth-usd
2023-03-01 00:01:39.156999936,429090162.0,1605.51,0.04788972,0.0,eth-usd
2023-03-01 00:01:39.156999936,429090163.0,1605.51,0.187,0.0,eth-usd
2023-03-01 00:01:39.156999936,429090164.0,1605.52,0.08353401,0.0,eth-usd
2023-03-01 00:01:39.156999936,429090165.0,1605.57,0.1868605,0.0,eth-usd
2023-03-01 00:01:39.156999936,429090166.0,1605.57,0.11439503,0.0,eth-usd
2023-03-01 00:01:39.948999936,429090167.0,1605.59,0.187,0.0,eth-usd
2023-03-01 00:01:39.948999936,429090168.0,1605.59,0.09813602,0.0,eth-usd
2023-03-01 00:01:39.948999936,429090169.0,1605.6,0.06584058,0.0,eth-usd
2023-03-01 00:01:41.292000000,429090170.0,1605.73,0.07011595,0.0,eth-usd
2023-03-01 00:01:41.292000000,429090171.0,1605.74,0.06649833,0.0,eth-usd
2023-03-01 00:01:41.292000000,429090172.0,1605.84,0.14215271,0.0,eth-usd
2023-03-01 00:01:41.542000128,429090173.0,1605.76,0.00311428,1.0,eth-usd
2023-03-01 00:01:41.792000000,429090174.0,1605.8,0.06166956,0.0,eth-usd
2023-03-01 00:01:42.687000064,429090175.0,1605.79,0.06271482,0.0,eth-usd
2023-03-01 00:01:42.687000064,429090176.0,1605.8,0.05587357,0.0,eth-usd
2023-03-01 00:01:43.295000064,429090177.0,1605.62,1.94471823,1.0,eth-usd
2023-03-01 00:01:43.295000064,429090178.0,1605.59,1.24564801,1.0,eth-usd
2023-03-01 00:01:43.296000000,429090179.0,1605.56,0.46707946,1.0,eth-usd
2023-03-01 00:01:43.296000000,429090180.0,1605.55,1.57134745,1.0,eth-usd
2023-03-01 00:01:43.296000000,429090181.0,1605.54,1.55499683,1.0,eth-usd
2023-03-01 00:01:43.296000000,429090182.0,1605.54,0.94527501,1.0,eth-usd
2023-03-01 00:01:43.296000000,429090183.0,1605.53,2.29670466,1.0,eth-usd
2023-03-01 00:01:43.296000000,429090184.0,1605.53,2.36318751,1.0,eth-usd
2023-03-01 00:01:43.296000000,429090185.0,1605.52,0.67680867,1.0,eth-usd
2023-03-01 00:01:43.296000000,429090186.0,1605.52,0.62286263,1.0,eth-usd
2023-03-01 00:01:43.296000000,429090187.0,1605.51,2.39807101,1.0,eth-usd
2023-03-01 00:01:43.296000000,429090188.0,1605.49,1.69202165,1.0,eth-usd
2023-03-01 00:01:43.296000000,429090189.0,1605.49,0.32319073,1.0,eth-usd
2023-03-01 00:01:43.296000000,429090190.0,1605.49,1.23396578,1.0,eth-usd
2023-03-01 00:01:43.296000000,429090191.0,1605.43,0.31815776,1.0,eth-usd
2023-03-01 00:01:43.296000000,429090192.0,1605.42,0.62289367,1.0,eth-usd
2023-03-01 00:01:43.296000000,429090193.0,1605.39,0.52053961,1.0,eth-usd
2023-03-01 00:01:43.296999936,429090194.0,1605.39,0.93396578,1.0,eth-usd
2023-03-01 00:01:43.296999936,429090195.0,1605.38,0.3,1.0,eth-usd
2023-03-01 00:01:43.296999936,429090196.0,1605.35,4.00000006,1.0,eth-usd
2023-03-01 00:01:43.296999936,429090197.0,1605.34,3.66148362,1.0,eth-usd
2023-03-01 00:01:43.320000000,429090198.0,1605.34,2.76216466,1.0,eth-usd
2023-03-01 00:01:43.324000000,429090199.0,1605.36,0.12455865,1.0,eth-usd
2023-03-01 00:01:43.324000000,429090200.0,1605.34,1.27366115,1.0,eth-usd
2023-03-01 00:01:43.326000128,429090201.0,1605.43,1.57134745,1.0,eth-usd
2023-03-01 00:01:43.326000128,429090202.0,1605.34,0.11977097,1.0,eth-usd
2023-03-01 00:01:43.350000128,429090203.0,1605.36,0.24632075,1.0,eth-usd
2023-03-01 00:01:43.350000128,429090204.0,1605.25,1.55738894,1.0,eth-usd
2023-03-01 00:01:43.928999936,429090205.0,1605.32,0.00625899,1.0,eth-usd
2023-03-01 00:01:44.433999872,429090206.0,1605.43,0.06011656,0.0,eth-usd
2023-03-01 00:01:44.671000064,429090207.0,1605.43,0.01969021,0.0,eth-usd
2023-03-01 00:01:44.671000064,429090208.0,1605.43,0.04196052,0.0,eth-usd
2023-03-01 00:01:44.671000064,429090209.0,1605.44,0.01475927,0.0,eth-usd
2023-03-01 00:01:44.872000000,429090210.0,1605.44,0.06165,0.0,eth-usd
2023-03-01 00:01:44.915000064,429090211.0,1605.44,5.71e-06,0.0,eth-usd
2023-03-01 00:01:44.915000064,429090212.0,1605.45,0.00658616,0.0,eth-usd
2023-03-01 00:01:44.945999872,429090213.0,1605.45,0.05772,0.0,eth-usd
2023-03-01 00:01:45.916999936,429090214.0,1605.42,0.82393563,1.0,eth-usd
2023-03-01 00:01:46.272999936,429090215.0,1605.25,1.55738391,1.0,eth-usd
2023-03-01 00:01:46.272999936,429090216.0,1605.19,1.263034,1.0,eth-usd
2023-03-01 00:01:46.272999936,429090217.0,1605.19,0.29440923,1.0,eth-usd
2023-03-01 00:01:46.272999936,429090218.0,1605.11,3.23968609,1.0,eth-usd
2023-03-01 00:01:46.272999936,429090219.0,1605.11,0.6230191,1.0,eth-usd
2023-03-01 00:01:46.288999936,429090220.0,1605.12,0.31145946,1.0,eth-usd
2023-03-01 00:01:46.289999872,429090221.0,1605.2,1.57153016,1.0,eth-usd
2023-03-01 00:01:46.296999936,429090222.0,1605.08,0.62283571,1.0,eth-usd
2023-03-01 00:01:46.296999936,429090223.0,1605.04,0.93475545,1.0,eth-usd
2023-03-01 00:01:46.324999936,429090224.0,1605.04,0.62283571,1.0,eth-usd
2023-03-01 00:01:46.324999936,429090225.0,1604.99,0.30973018,1.0,eth-usd
2023-03-01 00:01:46.324999936,429090226.0,1604.97,1.40790306,1.0,eth-usd
2023-03-01 00:01:46.344999936,429090227.0,1604.97,1.27209694,1.0,eth-usd
2023-03-01 00:01:48.321999872,429090228.0,1605.01,0.17787607,0.0,eth-usd
2023-03-01 00:01:49.331000064,429090229.0,1605.0,0.01456902,0.0,eth-usd
2023-03-01 00:01:49.888000000,429090230.0,1605.0,0.0030987,0.0,eth-usd
2023-03-01 00:01:51.432999936,429090231.0,1604.99,0.00062929,1.0,eth-usd
2023-03-01 00:01:51.790000128,429090232.0,1604.97,0.00336308,1.0,eth-usd
2023-03-01 00:01:52.296000000,429090233.0,1605.0,0.0055839,0.0,eth-usd
2023-03-01 00:01:52.857999872,429090234.0,1604.99,0.0006293,1.0,eth-usd
2023-03-01 00:01:53.332000000,429090235.0,1605.0,0.00837207,0.0,eth-usd
2023-03-01 00:01:53.660000000,429090236.0,1604.98,0.00062929,1.0,eth-usd
2023-03-01 00:01:53.760000000,429090237.0,1605.0,0.08101557,0.0,eth-usd
2023-03-01 00:01:53.760000000,429090238.0,1605.01,0.09201896,0.0,eth-usd
2023-03-01 00:01:53.763000064,429090239.0,1605.1,1.57185815,0.0,eth-usd
2023-03-01 00:01:53.763000064,429090240.0,1605.11,1.24602791,0.0,eth-usd
2023-03-01 00:01:53.817999872,429090241.0,1605.04,0.18690367,1.0,eth-usd
2023-03-01 00:01:53.817999872,429090242.0,1605.04,0.08156434,1.0,eth-usd
2023-03-01 00:01:54.004000000,429090243.0,1605.01,0.00062929,1.0,eth-usd
2023-03-01 00:01:54.512000000,429090244.0,1605.11,0.0309882,0.0,eth-usd
2023-03-01 00:01:54.760000000,429090245.0,1605.11,0.02960553,0.0,eth-usd
2023-03-01 00:01:54.787000064,429090246.0,1605.1,0.00062924,1.0,eth-usd
2023-03-01 00:01:54.795000064,429090247.0,1605.11,0.01147111,0.0,eth-usd
2023-03-01 00:01:54.900999936,429090248.0,1605.1,0.00062929,1.0,eth-usd
2023-03-01 00:01:55.151000064,429090249.0,1605.11,0.00248497,0.0,eth-usd
2023-03-01 00:01:58.097999872,429090250.0,1605.02,1.2460868,1.0,eth-usd
2023-03-01 00:01:59.944000000,429090251.0,1604.98,1.15,1.0,eth-usd
2023-03-01 00:02:00.259000064,429090252.0,1604.92,0.06669,0.0,eth-usd
2023-03-01 00:02:00.263000064,429090253.0,1604.92,0.01855415,0.0,eth-usd
2023-03-01 00:02:00.263000064,429090254.0,1604.93,0.06669566,0.0,eth-usd
2023-03-01 00:02:00.263000064,429090255.0,1605.04,1.57184346,0.0,eth-usd
2023-03-01 00:02:00.424999936,429090256.0,1604.96,0.00705954,1.0,eth-usd
2023-03-01 00:02:01.398000128,429090257.0,1605.11,0.0111473,0.0,eth-usd
2023-03-01 00:02:02.092999936,429090258.0,1605.11,0.06242,0.0,eth-usd
2023-03-01 00:02:02.092999936,429090260.0,1605.12,0.09792971,0.0,eth-usd
2023-03-01 00:02:02.092999936,429090259.0,1605.11,2.9e-07,0.0,eth-usd
2023-03-01 00:02:02.289999872,429090261.0,1605.12,8.98e-06,0.0,eth-usd
2023-03-01 00:02:02.289999872,429090262.0,1605.12,0.06622102,0.0,eth-usd
2023-03-01 00:02:02.316000000,429090263.0,1605.12,5.23e-06,0.0,eth-usd
2023-03-01 00:02:02.316000000,429090264.0,1605.13,0.09483477,0.0,eth-usd
2023-03-01 00:02:02.320000000,429090265.0,1605.11,0.00619172,1.0,eth-usd
2023-03-01 00:02:02.617999872,429090266.0,1605.13,1.251e-05,0.0,eth-usd
2023-03-01 00:02:02.617999872,429090267.0,1605.13,0.00477486,0.0,eth-usd
2023-03-01 00:02:02.995000064,429090268.0,1605.13,0.09242,0.0,eth-usd
2023-03-01 00:02:02.995000064,429090269.0,1605.13,7.8e-06,0.0,eth-usd
2023-03-01 00:02:02.995000064,429090270.0,1605.14,0.0731922,0.0,eth-usd
2023-03-01 00:02:03.176000000,429090271.0,1605.14,1.516e-05,0.0,eth-usd
2023-03-01 00:02:03.176000000,429090272.0,1605.14,0.08732484,0.0,eth-usd
2023-03-01 00:02:03.188999936,429090273.0,1605.14,8.95e-06,0.0,eth-usd
2023-03-01 00:02:03.188999936,429090274.0,1605.15,0.07852105,0.0,eth-usd
2023-03-01 00:02:03.396999936,429090275.0,1605.15,1.407e-05,0.0,eth-usd
2023-03-01 00:02:03.396999936,429090276.0,1605.15,0.07443593,0.0,eth-usd
2023-03-01 00:02:03.408999936,429090277.0,1605.15,7.08e-06,0.0,eth-usd
2023-03-01 00:02:03.408999936,429090278.0,1605.16,0.07431292,0.0,eth-usd
2023-03-01 00:02:03.420999936,429090279.0,1605.16,1.262e-05,0.0,eth-usd
2023-03-01 00:02:03.697999872,429090280.0,1605.32,0.00310467,0.0,eth-usd
2023-03-01 00:02:03.936000000,429090281.0,1605.19,0.82001493,1.0,eth-usd
2023-03-01 00:02:03.940000000,429090282.0,1605.19,0.3,1.0,eth-usd
2023-03-01 00:02:04.329999872,429090283.0,1605.42,0.00309872,0.0,eth-usd
2023-03-01 00:02:04.356000000,429090284.0,1605.42,0.00619764,0.0,eth-usd
2023-03-01 00:02:04.972999936,429090285.0,1605.27,0.18687787,1.0,eth-usd
2023-03-01 00:02:04.972999936,429090286.0,1605.26,0.18687659,1.0,eth-usd
2023-03-01 00:02:04.972999936,429090287.0,1605.26,1.62552931,1.0,eth-usd
2023-03-01 00:02:04.972999936,429090288.0,1605.25,1.24591185,1.0,eth-usd
2023-03-01 00:02:04.972999936,429090289.0,1605.24,1.24591452,1.0,eth-usd
2023-03-01 00:02:04.972999936,429090290.0,1605.21,0.77234288,1.0,eth-usd
2023-03-01 00:02:05.948999936,429090291.0,1605.35,0.03099439,0.0,eth-usd
2023-03-01 00:02:06.024000000,429090292.0,1605.36,0.00061057,0.0,eth-usd
2023-03-01 00:02:06.812999936,429090293.0,1605.34,0.09408576,0.0,eth-usd
2023-03-01 00:02:08.251000064,429090294.0,1605.19,0.06583511,0.0,eth-usd
2023-03-01 00:02:09.192000000,429090295.0,1605.19,0.00185276,0.0,eth-usd
2023-03-01 00:02:09.447000064,429090296.0,1605.19,0.00111756,0.0,eth-usd
2023-03-01 00:02:09.520000000,429090297.0,1605.19,0.0006199,0.0,eth-usd
2023-03-01 00:02:10.716000000,429090298.0,1605.19,0.0012849,0.0,eth-usd
2023-03-01 00:02:11.286000128,429090299.0,1605.19,0.02040338,0.0,eth-usd
2023-03-01 00:02:11.872000000,429090300.0,1605.19,0.007698,0.0,eth-usd
2023-03-01 00:02:12.304000000,429090301.0,1605.18,0.67,1.0,eth-usd
2023-03-01 00:02:12.304000000,429090302.0,1605.18,0.16006927,1.0,eth-usd
2023-03-01 00:02:12.304000000,429090303.0,1605.17,1.24597177,1.0,eth-usd
2023-03-01 00:02:12.304000000,429090304.0,1605.17,0.62868392,1.0,eth-usd
2023-03-01 00:02:13.095000064,429090305.0,1605.07,0.1869,1.0,eth-usd
2023-03-01 00:02:13.097999872,429090306.0,1605.06,1.24605933,1.0,eth-usd
2023-03-01 00:02:13.097999872,429090307.0,1605.03,1.55760311,1.0,eth-usd
2023-03-01 00:02:13.097999872,429090308.0,1604.97,0.90448305,1.0,eth-usd
2023-03-01 00:02:13.097999872,429090309.0,1604.97,0.62867538,1.0,eth-usd
2023-03-01 00:02:13.097999872,429090310.0,1604.97,0.62307625,1.0,eth-usd
2023-03-01 00:02:13.097999872,429090311.0,1604.96,0.12249227,1.0,eth-usd
2023-03-01 00:02:13.099000064,429090312.0,1604.96,1.43517708,1.0,eth-usd
2023-03-01 00:02:13.099000064,429090313.0,1604.91,1.57175696,1.0,eth-usd
2023-03-01 00:02:13.099000064,429090314.0,1604.91,1.00000009,1.0,eth-usd
2023-03-01 00:02:13.099000064,429090315.0,1604.9,2.5,1.0,eth-usd
2023-03-01 00:02:13.099000064,429090316.0,1604.89,1.57175696,1.0,eth-usd
2023-03-01 00:02:13.099000064,429090317.0,1604.89,0.3115109,1.0,eth-usd
2023-03-01 00:02:13.099000064,429090318.0,1604.85,0.30911423,1.0,eth-usd
2023-03-01 00:02:13.099000064,429090319.0,1604.84,2.04646748,1.0,eth-usd
2023-03-01 00:02:13.099000064,429090320.0,1604.84,0.62312367,1.0,eth-usd
2023-03-01 00:02:13.099000064,429090321.0,1604.84,1.28259445,1.0,eth-usd
2023-03-01 00:02:13.099000064,429090322.0,1604.83,0.1234309,1.0,eth-usd
2023-03-01 00:02:13.126000128,429090323.0,1604.6,0.62293653,1.0,eth-usd
2023-03-01 00:02:13.126000128,429090324.0,1604.57,1.87927723,1.0,eth-usd
2023-03-01 00:02:13.128999936,429090325.0,1604.79,1.55785682,1.0,eth-usd
2023-03-01 00:02:13.128999936,429090326.0,1604.79,1.12214318,1.0,eth-usd
2023-03-01 00:02:13.128999936,429090327.0,1604.57,3.27011796,1.0,eth-usd
2023-03-01 00:02:13.128999936,429090328.0,1604.56,7.17794891,1.0,eth-usd
2023-03-01 00:02:13.140999936,429090329.0,1604.56,3.20205109,1.0,eth-usd
2023-03-01 00:02:13.144000000,429090330.0,1604.78,0.12460461,1.0,eth-usd
2023-03-01 00:02:13.144999936,429090331.0,1604.55,3.11536466,1.0,eth-usd
2023-03-01 00:02:13.160999936,429090332.0,1604.48,1.73194503,1.0,eth-usd
2023-03-01 00:02:13.648999936,429090333.0,1604.64,0.06195987,0.0,eth-usd
2023-03-01 00:02:13.648999936,429090334.0,1604.65,0.24632075,0.0,eth-usd
2023-03-01 00:02:13.648999936,429090335.0,1604.65,0.06603791,0.0,eth-usd
2023-03-01 00:02:13.648999936,429090336.0,1604.66,1.17201176,0.0,eth-usd
2023-03-01 00:02:13.659000064,429090337.0,1604.67,1.24636466,0.0,eth-usd
2023-03-01 00:02:13.668999936,429090338.0,1604.72,1.24633029,0.0,eth-usd
2023-03-01 00:02:13.668999936,429090339.0,1604.73,0.3,0.0,eth-usd
2023-03-01 00:02:13.673999872,429090340.0,1604.66,0.24632075,0.0,eth-usd
2023-03-01 00:02:13.687000064,429090341.0,1604.71,0.24632075,0.0,eth-usd
2023-03-01 00:02:13.715000064,429090342.0,1604.72,1.24632602,0.0,eth-usd
2023-03-01 00:02:14.072000000,429090343.0,1604.81,1.2462582,0.0,eth-usd
2023-03-01 00:02:14.072000000,429090344.0,1604.81,0.0764961,0.0,eth-usd
2023-03-01 00:02:14.072000000,429090345.0,1604.82,0.0697213,0.0,eth-usd
2023-03-01 00:02:14.862000128,429090346.0,1604.84,0.08340246,0.0,eth-usd
2023-03-01 00:02:14.862000128,429090347.0,1604.85,0.03871016,0.0,eth-usd
2023-03-01 00:02:15.092999936,429090348.0,1604.85,0.05593979,0.0,eth-usd
2023-03-01 00:02:15.092999936,429090349.0,1604.86,0.08024527,0.0,eth-usd
2023-03-01 00:02:15.092999936,429090350.0,1604.86,1.24621482,0.0,eth-usd
2023-03-01 00:02:15.092999936,429090351.0,1604.96,1.33655091,0.0,eth-usd
2023-03-01 00:02:15.092999936,429090352.0,1604.98,0.67079525,0.0,eth-usd
2023-03-01 00:02:15.092999936,429090353.0,1604.98,1.40641543,0.0,eth-usd
2023-03-01 00:02:15.092999936,429090354.0,1604.98,0.19760174,0.0,eth-usd
2023-03-01 00:02:15.108000000,429090355.0,1605.0,0.91536672,0.0,eth-usd
2023-03-01 00:02:15.108000000,429090356.0,1605.0,0.62470328,0.0,eth-usd
2023-03-01 00:02:15.108999936,429090357.0,1605.0,7.99e-06,0.0,eth-usd
2023-03-01 00:02:15.108999936,429090358.0,1605.05,0.96766686,0.0,eth-usd
2023-03-01 00:02:15.108999936,429090359.0,1605.06,1.45149232,0.0,eth-usd
2023-03-01 00:02:15.137999872,429090360.0,1604.96,1.55767,0.0,eth-usd
2023-03-01 00:02:15.148000000,429090361.0,1604.96,3.4e-06,0.0,eth-usd
2023-03-01 00:02:15.148999936,429090362.0,1605.09,0.12462,0.0,eth-usd
2023-03-01 00:02:16.231000064,429090363.0,1605.05,1.2460671,0.0,eth-usd
2023-03-01 00:02:16.231000064,429090364.0,1605.05,0.06268339,0.0,eth-usd
2023-03-01 00:02:16.231000064,429090365.0,1605.05,0.153,0.0,eth-usd
2023-03-01 00:02:16.231000064,429090366.0,1605.06,0.06288072,0.0,eth-usd
2023-03-01 00:02:16.231000064,429090367.0,1605.15,0.04736078,0.0,eth-usd
2023-03-01 00:02:16.231000064,429090368.0,1605.15,1.52463121,0.0,eth-usd
2023-03-01 00:02:16.231000064,429090369.0,1605.23,0.138,0.0,eth-usd
2023-03-01 00:02:16.249999872,429090370.0,1605.12,1.55751943,0.0,eth-usd
2023-03-01 00:02:16.251000064,429090371.0,1605.36,2.5,0.0,eth-usd
2023-03-01 00:02:16.251000064,429090372.0,1605.4,1.55725082,0.0,eth-usd
2023-03-01 00:02:16.263000064,429090373.0,1605.36,0.138,0.0,eth-usd
2023-03-01 00:02:16.276999936,429090374.0,1605.39,1.65155572,0.0,eth-usd
2023-03-01 00:02:16.374000128,429090375.0,1605.05,0.06084,0.0,eth-usd
2023-03-01 00:02:16.380000000,429090376.0,1605.05,1.7e-06,0.0,eth-usd
2023-03-01 00:02:16.380000000,429090377.0,1605.06,0.0607983,0.0,eth-usd
2023-03-01 00:02:16.399000064,429090378.0,1605.06,0.02576135,0.0,eth-usd
2023-03-01 00:02:16.422000128,429090379.0,1605.11,2.3365,0.0,eth-usd
2023-03-01 00:02:16.443000064,429090380.0,1605.07,0.00353117,1.0,eth-usd
2023-03-01 00:02:16.484000000,429090381.0,1605.1,0.24632075,1.0,eth-usd
2023-03-01 00:02:16.484000000,429090382.0,1605.1,0.138,1.0,eth-usd
2023-03-01 00:02:16.484000000,429090383.0,1605.07,0.77899393,1.0,eth-usd
2023-03-01 00:02:16.484000000,429090384.0,1605.07,0.62879681,1.0,eth-usd
2023-03-01 00:02:16.484000000,429090385.0,1605.06,0.3,1.0,eth-usd
2023-03-01 00:02:16.484000000,429090386.0,1605.05,0.04500737,1.0,eth-usd
2023-03-01 00:02:16.494000128,429090387.0,1605.11,9.92e-05,0.0,eth-usd
2023-03-01 00:02:16.494000128,429090388.0,1605.24,0.06003384,0.0,eth-usd
2023-03-01 00:02:17.142000128,429090389.0,1605.2,0.24632075,1.0,eth-usd
2023-03-01 00:02:17.142000128,429090390.0,1605.19,1.24595842,1.0,eth-usd
2023-03-01 00:02:17.308999936,429090391.0,1605.22,0.0711649,0.0,eth-usd
2023-03-01 00:02:17.563000064,429090392.0,1605.22,0.00713464,0.0,eth-usd
2023-03-01 00:02:17.884999936,429090393.0,1605.18,0.59307725,0.0,eth-usd
2023-03-01 00:02:17.908000000,429090394.0,1605.18,0.01727504,0.0,eth-usd
2023-03-01 00:02:18.103000064,429090395.0,1605.16,0.24632075,1.0,eth-usd
2023-03-01 00:02:18.103000064,429090396.0,1605.14,1.2459942,1.0,eth-usd
2023-03-01 00:02:19.110000128,429090397.0,1605.15,0.09346258,0.0,eth-usd
2023-03-01 00:02:22.087000064,429090398.0,1605.01,0.12112679,1.0,eth-usd
2023-03-01 00:02:22.123000064,429090399.0,1605.05,0.02353722,0.0,eth-usd
2023-03-01 00:02:22.177999872,429090400.0,1605.05,0.02975894,0.0,eth-usd
2023-03-01 00:02:22.580999936,429090401.0,1605.04,0.18691234,0.0,eth-usd
2023-03-01 00:02:22.580999936,429090402.0,1605.05,0.03760463,0.0,eth-usd
2023-03-01 00:02:22.580999936,429090403.0,1605.05,0.03867077,0.0,eth-usd
2023-03-01 00:02:22.580999936,429090404.0,1605.05,0.18691293,0.0,eth-usd
2023-03-01 00:02:22.580999936,429090405.0,1605.06,0.08044259,0.0,eth-usd
2023-03-01 00:02:22.580999936,429090406.0,1605.1,0.06945674,0.0,eth-usd
2023-03-01 00:02:22.932000000,429090407.0,1605.05,0.06238744,0.0,eth-usd
2023-03-01 00:02:22.932999936,429090408.0,1605.05,0.00681885,0.0,eth-usd
2023-03-01 00:02:23.036999936,429090409.0,1605.01,0.01952967,1.0,eth-usd
2023-03-01 00:02:23.155000064,429090410.0,1605.05,0.00060704,0.0,eth-usd
2023-03-01 00:02:23.372999936,429090411.0,1605.01,0.138,1.0,eth-usd
2023-03-01 00:02:23.372999936,429090412.0,1605.01,0.04191957,1.0,eth-usd
2023-03-01 00:02:24.316999936,429090413.0,1605.05,0.01520865,0.0,eth-usd
2023-03-01 00:02:24.316999936,429090414.0,1605.05,0.06206753,0.0,eth-usd
2023-03-01 00:02:24.316999936,429090415.0,1605.06,0.0762754,0.0,eth-usd
2023-03-01 00:02:24.316999936,429090416.0,1605.11,0.08370178,0.0,eth-usd
2023-03-01 00:02:24.430000128,429090417.0,1605.11,0.00619864,0.0,eth-usd
2023-03-01 00:02:24.542000128,429090418.0,1605.11,0.07171695,0.0,eth-usd
2023-03-01 00:02:26.451000064,429090419.0,1605.09,0.06688,0.0,eth-usd
2023-03-01 00:02:26.758000128,429090420.0,1605.09,5.68e-06,0.0,eth-usd
2023-03-01 00:02:26.758000128,429090421.0,1605.09,0.00301808,0.0,eth-usd
2023-03-01 00:02:27.056999936,429090422.0,1605.08,0.07171695,1.0,eth-usd
2023-03-01 00:02:30.936999936,429090423.0,1605.09,0.00061675,0.0,eth-usd
2023-03-01 00:02:31.640999936,429090424.0,1605.09,0.00154966,0.0,eth-usd
2023-03-01 00:02:31.838000128,429090425.0,1605.09,0.08111808,0.0,eth-usd
2023-03-01 00:02:31.838000128,429090426.0,1605.1,0.06244807,0.0,eth-usd
2023-03-01 00:02:31.838000128,429090427.0,1605.11,0.00910068,0.0,eth-usd
2023-03-01 00:02:32.782000128,429090428.0,1605.11,0.09252434,0.0,eth-usd
2023-03-01 00:02:34.640999936,429090429.0,1605.11,0.0616784,0.0,eth-usd
2023-03-01 00:02:35.000999936,429090430.0,1605.11,9.45744862,0.0,eth-usd
2023-03-01 00:02:35.000999936,429090431.0,1605.11,0.05581212,0.0,eth-usd
2023-03-01 00:02:35.051000064,429090432.0,1605.12,0.07561034,0.0,eth-usd
2023-03-01 00:02:35.809999872,429090433.0,1605.21,3.03795208,0.0,eth-usd
2023-03-01 00:02:36.411000064,429090434.0,1605.21,0.0185098,0.0,eth-usd
2023-03-01 00:02:37.799000064,429090435.0,1605.21,0.06199184,0.0,eth-usd
2023-03-01 00:02:39.904000000,429090436.0,1605.21,0.01457428,0.0,eth-usd
2023-03-01 00:02:40.312000000,429090437.0,1605.21,0.06013603,0.0,eth-usd
2023-03-01 00:02:42.084000000,429090438.0,1605.2,0.00148465,1.0,eth-usd
2023-03-01 00:02:42.238000128,429090439.0,1605.21,0.0108671,0.0,eth-usd
2023-03-01 00:02:42.238000128,429090440.0,1605.21,0.06722075,0.0,eth-usd
2023-03-01 00:02:42.238000128,429090441.0,1605.22,0.06488904,0.0,eth-usd
2023-03-01 00:02:42.239000064,429090442.0,1605.33,1.24585018,0.0,eth-usd
2023-03-01 00:02:42.239000064,429090443.0,1605.35,1.57172922,0.0,eth-usd
2023-03-01 00:02:42.239000064,429090444.0,1605.43,2.5,0.0,eth-usd
2023-03-01 00:02:42.239000064,429090445.0,1605.43,1.55721845,0.0,eth-usd
2023-03-01 00:02:42.288999936,429090446.0,1605.31,3.5,0.0,eth-usd
2023-03-01 00:02:42.500999936,429090447.0,1605.31,0.00018979,0.0,eth-usd
2023-03-01 00:02:42.854000128,429090448.0,1605.38,0.1,0.0,eth-usd
2023-03-01 00:02:44.411000064,429090449.0,1605.28,0.1,1.0,eth-usd
2023-03-01 00:02:44.411000064,429090450.0,1605.22,0.00067281,1.0,eth-usd
2023-03-01 00:02:45.844999936,429090451.0,1605.34,0.04441434,0.0,eth-usd
2023-03-01 00:02:46.337999872,429090452.0,1605.24,0.187,1.0,eth-usd
2023-03-01 00:02:46.337999872,429090453.0,1605.2,1.24446601,1.0,eth-usd
2023-03-01 00:02:46.337999872,429090454.0,1605.2,0.12458097,1.0,eth-usd
2023-03-01 00:02:46.531000064,429090455.0,1605.19,0.01916337,1.0,eth-usd
2023-03-01 00:02:46.556999936,429090456.0,1605.28,0.06013603,0.0,eth-usd
2023-03-01 00:02:49.652999936,429090457.0,1605.24,0.46,1.0,eth-usd
2023-03-01 00:02:49.652999936,429090458.0,1605.2,1.24595066,1.0,eth-usd
2023-03-01 00:02:49.664000000,429090459.0,1605.14,1.24599723,1.0,eth-usd
2023-03-01 00:02:49.688999936,429090460.0,1605.08,0.06355446,1.0,eth-usd
2023-03-01 00:02:49.688999936,429090461.0,1605.03,0.30901216,1.0,eth-usd
2023-03-01 00:02:50.531000064,429090462.0,1605.04,0.00309959,0.0,eth-usd
2023-03-01 00:02:53.500000000,429090463.0,1605.01,0.0014302,0.0,eth-usd
2023-03-01 00:02:54.800999936,429090464.0,1605.01,0.00574906,0.0,eth-usd
2023-03-01 00:02:54.904000000,429090465.0,1605.01,0.06969903,0.0,eth-usd
2023-03-01 00:02:54.904000000,429090466.0,1605.02,0.09079554,0.0,eth-usd
2023-03-01 00:02:54.904000000,429090467.0,1605.08,0.14787192,0.0,eth-usd
2023-03-01 00:02:55.388999936,429090468.0,1605.08,0.08450609,0.0,eth-usd
2023-03-01 00:02:56.404999936,429090469.0,1605.08,0.0024219,0.0,eth-usd
2023-03-01 00:02:56.404999936,429090470.0,1605.08,0.02965724,0.0,eth-usd
2023-03-01 00:02:56.431000064,429090471.0,1605.08,0.04422841,0.0,eth-usd
2023-03-01 00:02:56.431000064,429090472.0,1605.09,0.01081904,0.0,eth-usd
2023-03-01 00:02:56.799000064,429090473.0,1605.09,0.01625528,0.0,eth-usd
2023-03-01 00:02:57.884999936,429090474.0,1605.02,0.08089311,1.0,eth-usd
2023-03-01 00:02:58.452999936,429090475.0,1605.06,0.175,1.0,eth-usd
2023-03-01 00:02:59.112000000,429090476.0,1605.09,0.05537221,0.0,eth-usd
2023-03-01 00:02:59.112000000,429090477.0,1605.1,0.00678008,0.0,eth-usd
2023-03-01 00:02:59.151000064,429090478.0,1605.1,2.491e-05,0.0,eth-usd
2023-03-01 00:03:01.624000000,429090479.0,1605.09,0.05926383,0.0,eth-usd
2023-03-01 00:03:01.624000000,429090480.0,1605.1,0.06281107,0.0,eth-usd
2023-03-01 00:03:01.624000000,429090481.0,1605.19,0.03056392,0.0,eth-usd
2023-03-01 00:03:02.185999872,429090482.0,1605.12,0.77887296,0.0,eth-usd
2023-03-01 00:03:02.185999872,429090483.0,1605.12,0.06514776,0.0,eth-usd
2023-03-01 00:03:02.185999872,429090484.0,1605.13,0.05586693,0.0,eth-usd
2023-03-01 00:03:02.185999872,429090485.0,1605.2,0.18689999,0.0,eth-usd
2023-03-01 00:03:02.185999872,429090486.0,1605.2,1.49163739,0.0,eth-usd
2023-03-01 00:03:02.185999872,429090487.0,1605.2,0.18690523,0.0,eth-usd
2023-03-01 00:03:02.185999872,429090488.0,1605.21,1.24594642,0.0,eth-usd
2023-03-01 00:03:02.185999872,429090489.0,1605.21,0.138,0.0,eth-usd
2023-03-01 00:03:02.185999872,429090490.0,1605.28,0.31150901,0.0,eth-usd
2023-03-01 00:03:02.185999872,429090491.0,1605.29,1.55736037,0.0,eth-usd
2023-03-01 00:03:02.193999872,429090492.0,1605.39,1.55726328,0.0,eth-usd
2023-03-01 00:03:02.240000000,429090493.0,1605.47,0.12460091,0.0,eth-usd
2023-03-01 00:03:02.254000128,429090494.0,1605.45,4.74008026,0.0,eth-usd
2023-03-01 00:03:02.392000000,429090495.0,1605.35,0.05930441,0.0,eth-usd
2023-03-01 00:03:02.416999936,429090496.0,1605.33,4.2216,0.0,eth-usd
2023-03-01 00:03:03.719000064,429090497.0,1605.26,0.01096138,0.0,eth-usd
2023-03-01 00:03:04.151000064,429090498.0,1605.23,0.138,1.0,eth-usd
2023-03-01 00:03:04.151000064,429090499.0,1605.22,1.24593215,1.0,eth-usd
2023-03-01 00:03:04.151000064,429090500.0,1605.21,1.24593815,1.0,eth-usd
2023-03-01 00:03:04.176999936,429090501.0,1605.11,1.55751899,1.0,eth-usd
2023-03-01 00:03:05.470000128,429090502.0,1605.1,0.17884803,0.0,eth-usd
2023-03-01 00:03:06.156000000,429090503.0,1605.06,0.00710298,1.0,eth-usd
2023-03-01 00:03:06.283000064,429090504.0,1605.1,0.00080143,0.0,eth-usd
2023-03-01 00:03:07.283000064,429090505.0,1605.1,0.06313169,0.0,eth-usd
2023-03-01 00:03:07.283000064,429090506.0,1605.11,0.01249701,0.0,eth-usd
2023-03-01 00:03:08.454000128,429090507.0,1605.1,0.02353722,1.0,eth-usd
2023-03-01 00:03:09.520999936,429090508.0,1605.1,0.02038667,1.0,eth-usd
2023-03-01 00:03:09.684000000,429090509.0,1605.1,0.03217511,1.0,eth-usd
2023-03-01 00:03:09.896000000,429090510.0,1605.11,0.04971938,0.0,eth-usd
2023-03-01 00:03:09.896000000,429090511.0,1605.12,0.08447459,0.0,eth-usd
2023-03-01 00:03:09.896000000,429090512.0,1605.23,0.05261861,0.0,eth-usd
2023-03-01 00:03:11.668000000,429090513.0,1605.24,0.08234349,0.0,eth-usd
2023-03-01 00:03:11.668000000,429090514.0,1605.25,0.03568464,0.0,eth-usd
2023-03-01 00:03:12.812999936,429090515.0,1605.25,0.02901804,0.0,eth-usd
2023-03-01 00:03:12.812999936,429090516.0,1605.25,0.00552782,0.0,eth-usd
2023-03-01 00:03:14.107000064,429090517.0,1605.25,0.02994269,0.0,eth-usd
2023-03-01 00:03:14.107000064,429090518.0,1605.25,0.03735225,0.0,eth-usd
2023-03-01 00:03:14.107000064,429090520.0,1605.39,0.29510597,0.0,eth-usd
2023-03-01 00:03:14.107000064,429090519.0,1605.26,0.06016203,0.0,eth-usd
2023-03-01 00:03:15.654000128,429090521.0,1605.4,0.00560297,0.0,eth-usd
2023-03-01 00:03:15.852999936,429090522.0,1605.4,0.0123356,0.0,eth-usd
2023-03-01 00:03:19.028999936,429090523.0,1605.29,0.0114166,0.0,eth-usd
2023-03-01 00:03:19.804000000,429090524.0,1605.29,0.00971119,0.0,eth-usd
2023-03-01 00:03:21.672999936,429090525.0,1605.24,1.24591851,1.0,eth-usd
2023-03-01 00:03:22.064000000,429090526.0,1605.2,0.01457247,0.0,eth-usd
2023-03-01 00:03:22.288000000,429090527.0,1605.2,0.04619176,0.0,eth-usd
2023-03-01 00:03:22.288000000,429090528.0,1605.21,0.05959782,0.0,eth-usd
2023-03-01 00:03:22.288000000,429090529.0,1605.25,0.138,0.0,eth-usd
2023-03-01 00:03:22.288000000,429090530.0,1605.25,0.21882377,0.0,eth-usd
2023-03-01 00:03:23.683000064,429090531.0,1605.26,0.11824611,1.0,eth-usd
2023-03-01 00:03:25.227000064,429090532.0,1605.23,0.0003026,1.0,eth-usd
2023-03-01 00:03:26.639000064,429090533.0,1605.24,0.08031542,0.0,eth-usd
2023-03-01 00:03:26.639000064,429090534.0,1605.25,0.05633316,0.0,eth-usd
2023-03-01 00:03:27.334000128,429090535.0,1605.25,0.00426444,0.0,eth-usd
2023-03-01 00:03:27.334000128,429090536.0,1605.25,0.05844789,0.0,eth-usd
2023-03-01 00:03:27.892999936,429090537.0,1605.25,0.01707349,0.0,eth-usd
2023-03-01 00:03:27.892999936,429090538.0,1605.25,0.05113512,0.0,eth-usd
2023-03-01 00:03:27.892999936,429090539.0,1605.26,0.07915849,0.0,eth-usd
2023-03-01 00:03:27.892999936,429090540.0,1605.32,0.04079354,0.0,eth-usd
2023-03-01 00:03:31.436999936,429090541.0,1605.27,0.07124475,0.0,eth-usd
2023-03-01 00:03:31.436999936,429090542.0,1605.28,0.01816097,0.0,eth-usd
2023-03-01 00:03:33.888000000,429090543.0,1605.28,0.05036282,0.0,eth-usd
2023-03-01 00:03:33.888000000,429090544.0,1605.29,0.07888234,0.0,eth-usd
2023-03-01 00:03:33.888000000,429090545.0,1605.35,0.15244349,0.0,eth-usd
2023-03-01 00:03:36.513999872,429090546.0,1605.26,0.0545055,0.0,eth-usd
2023-03-01 00:03:36.513999872,429090547.0,1605.27,0.07269226,0.0,eth-usd
2023-03-01 00:03:36.513999872,429090548.0,1605.3,0.14314845,0.0,eth-usd
2023-03-01 00:03:38.193999872,429090549.0,1605.29,0.00016109,0.0,eth-usd
2023-03-01 00:03:38.289999872,429090550.0,1605.29,0.02960866,0.0,eth-usd
2023-03-01 00:03:39.699000064,429090551.0,1605.24,0.01542,1.0,eth-usd
2023-03-01 00:03:39.699000064,429090552.0,1605.22,1.24593267,1.0,eth-usd
2023-03-01 00:03:40.152999936,429090553.0,1605.15,1.24598262,1.0,eth-usd
2023-03-01 00:03:40.152999936,429090554.0,1605.15,0.1272073,1.0,eth-usd
2023-03-01 00:03:40.297999872,429090555.0,1605.08,0.0209746,0.0,eth-usd
2023-03-01 00:03:42.569999872,429090556.0,1605.08,0.05713491,0.0,eth-usd
2023-03-01 00:03:42.569999872,429090557.0,1605.09,0.00453657,0.0,eth-usd
2023-03-01 00:03:42.585999872,429090558.0,1605.09,0.00164859,0.0,eth-usd
2023-03-01 00:03:42.792000000,429090559.0,1605.09,0.04848468,0.0,eth-usd
2023-03-01 00:03:42.792000000,429090560.0,1605.1,0.05205545,0.0,eth-usd
2023-03-01 00:03:42.792000000,429090561.0,1605.22,0.07781855,0.0,eth-usd
2023-03-01 00:03:43.937999872,429090562.0,1605.22,0.01457237,0.0,eth-usd
2023-03-01 00:03:43.948999936,429090563.0,1605.22,0.00558459,0.0,eth-usd
2023-03-01 00:03:44.428000000,429090564.0,1605.22,0.01547455,0.0,eth-usd
2023-03-01 00:03:44.460999936,429090565.0,1605.22,6.22e-06,0.0,eth-usd
2023-03-01 00:03:46.767000064,429090566.0,1605.22,0.02975765,0.0,eth-usd
2023-03-01 00:03:46.889999872,429090567.0,1605.22,0.00619826,0.0,eth-usd
2023-03-01 00:03:48.064000000,429090568.0,1605.22,0.00378433,0.0,eth-usd
2023-03-01 00:03:48.064000000,429090569.0,1605.22,0.03821161,0.0,eth-usd
2023-03-01 00:03:48.064000000,429090570.0,1605.22,0.01673059,0.0,eth-usd
2023-03-01 00:03:48.064000000,429090571.0,1605.23,0.04864111,0.0,eth-usd
2023-03-01 00:03:48.064000000,429090572.0,1605.25,0.01474346,0.0,eth-usd
2023-03-01 00:03:48.156000000,429090573.0,1605.25,0.12211372,0.0,eth-usd
2023-03-01 00:03:49.027000064,429090574.0,1605.23,0.03099109,0.0,eth-usd
2023-03-01 00:03:49.271000064,429090575.0,1605.23,0.01239651,0.0,eth-usd
2023-03-01 00:03:49.568000000,429090576.0,1605.19,0.02211934,0.0,eth-usd
2023-03-01 00:03:52.079000064,429090577.0,1605.19,0.01457201,0.0,eth-usd
2023-03-01 00:03:52.156999936,429090578.0,1605.19,0.00068459,0.0,eth-usd
2023-03-01 00:03:52.168999936,429090579.0,1605.16,0.00154071,1.0,eth-usd
2023-03-01 00:03:53.710000128,429090580.0,1605.19,0.02975839,0.0,eth-usd
2023-03-01 00:03:53.860999936,429090581.0,1605.18,0.02,1.0,eth-usd
2023-03-01 00:03:53.860999936,429090582.0,1605.18,0.187,1.0,eth-usd
2023-03-01 00:03:53.860999936,429090583.0,1605.17,1.24596,1.0,eth-usd
2023-03-01 00:03:53.860999936,429090584.0,1605.17,8.74e-06,1.0,eth-usd
2023-03-01 00:03:53.872000000,429090585.0,1605.14,0.02874,1.0,eth-usd
2023-03-01 00:03:53.872000000,429090586.0,1605.08,1.21730193,1.0,eth-usd
2023-03-01 00:03:53.872000000,429090587.0,1605.08,0.02874,1.0,eth-usd
2023-03-01 00:03:53.872000000,429090588.0,1605.06,0.00849145,1.0,eth-usd
2023-03-01 00:03:53.872000000,429090589.0,1605.06,0.30731379,1.0,eth-usd
2023-03-01 00:03:53.872000000,429090590.0,1605.01,1.55761734,1.0,eth-usd
2023-03-01 00:03:53.872000000,429090591.0,1604.99,0.5,1.0,eth-usd
2023-03-01 00:03:53.872000000,429090592.0,1604.95,0.03178292,1.0,eth-usd
2023-03-01 00:03:53.876000000,429090593.0,1605.05,1.57180755,1.0,eth-usd
2023-03-01 00:03:53.876000000,429090594.0,1604.9,0.92819245,1.0,eth-usd
2023-03-01 00:03:53.907000064,429090595.0,1604.86,1.88028896,1.0,eth-usd
2023-03-01 00:03:53.912999936,429090596.0,1604.95,6.22e-06,0.0,eth-usd
2023-03-01 00:03:54.366000128,429090597.0,1604.94,0.01457237,0.0,eth-usd
2023-03-01 00:03:54.372999936,429090598.0,1604.94,0.0145721,0.0,eth-usd
2023-03-01 00:03:54.548999936,429090599.0,1604.94,0.00558473,0.0,eth-usd
2023-03-01 00:03:56.592000000,429090600.0,1604.94,0.01023494,0.0,eth-usd
2023-03-01 00:03:56.592000000,429090601.0,1604.94,0.03108801,0.0,eth-usd
2023-03-01 00:03:56.592000000,429090602.0,1604.94,0.03416007,0.0,eth-usd
2023-03-01 00:03:56.592000000,429090603.0,1604.95,0.04732791,0.0,eth-usd
2023-03-01 00:03:56.592000000,429090604.0,1604.99,0.00174735,0.0,eth-usd
2023-03-01 00:03:58.843000064,429090605.0,1604.97,0.07388,0.0,eth-usd
2023-03-01 00:03:58.843000064,429090606.0,1604.97,6.91e-06,0.0,eth-usd
2023-03-01 00:03:58.843000064,429090607.0,1604.98,0.04416645,0.0,eth-usd
2023-03-01 00:03:59.430000128,429090608.0,1605.11,0.00671975,0.0,eth-usd
2023-03-01 00:03:59.769999872,429090609.0,1605.11,0.04925204,0.0,eth-usd
2023-03-01 00:03:59.769999872,429090610.0,1605.12,0.02012796,0.0,eth-usd
2023-03-01 00:04:00.228999936,429090611.0,1605.12,0.04925428,0.0,eth-usd
2023-03-01 00:04:00.228999936,429090612.0,1605.13,0.04955135,0.0,eth-usd
2023-03-01 00:04:00.228999936,429090613.0,1605.22,0.40159337,0.0,eth-usd
2023-03-01 00:04:00.359000064,429090614.0,1605.24,0.00299031,0.0,eth-usd
2023-03-01 00:04:01.142000128,429090615.0,1605.24,0.04537015,0.0,eth-usd
2023-03-01 00:04:01.142000128,429090616.0,1605.25,0.04463245,0.0,eth-usd
2023-03-01 00:04:01.142000128,429090617.0,1605.33,0.28163643,0.0,eth-usd
2023-03-01 00:04:01.728000000,429090618.0,1605.32,0.00595747,0.0,eth-usd
2023-03-01 00:04:01.766000128,429090619.0,1605.32,0.05472912,0.0,eth-usd
2023-03-01 00:04:01.766000128,429090620.0,1605.33,0.0636349,0.0,eth-usd
2023-03-01 00:04:01.766000128,429090621.0,1605.34,0.00375164,0.0,eth-usd
2023-03-01 00:04:03.291000064,429090622.0,1605.29,0.01744545,0.0,eth-usd
2023-03-01 00:04:05.558000128,429090623.0,1605.23,0.00558585,0.0,eth-usd
2023-03-01 00:04:05.640000000,429090624.0,1605.23,0.02975839,0.0,eth-usd
2023-03-01 00:04:08.921999872,429090625.0,1605.14,0.00064132,0.0,eth-usd
2023-03-01 00:04:09.190000128,429090626.0,1605.14,0.00248598,0.0,eth-usd
2023-03-01 00:04:10.072999936,429090627.0,1605.14,0.00575076,0.0,eth-usd
2023-03-01 00:04:12.758000128,429090628.0,1605.14,0.06022428,0.0,eth-usd
2023-03-01 00:04:12.758000128,429090629.0,1605.15,0.06531956,0.0,eth-usd
2023-03-01 00:04:12.758000128,429090630.0,1605.22,0.30776198,0.0,eth-usd
2023-03-01 00:04:12.793999872,429090631.0,1605.21,0.00017436,0.0,eth-usd
2023-03-01 00:04:16.192000000,429090632.0,1605.14,0.03516636,0.0,eth-usd
2023-03-01 00:04:16.411000064,429090633.0,1605.14,0.01294422,0.0,eth-usd
2023-03-01 00:04:16.411000064,429090634.0,1605.14,0.04139578,0.0,eth-usd
2023-03-01 00:04:17.745999872,429090635.0,1605.14,4.17e-06,0.0,eth-usd
2023-03-01 00:04:17.745999872,429090636.0,1605.14,0.00587213,0.0,eth-usd
2023-03-01 00:04:19.161999872,429090637.0,1605.14,0.05523425,0.0,eth-usd
2023-03-01 00:04:19.161999872,429090638.0,1605.15,0.0572745,0.0,eth-usd
2023-03-01 00:04:19.161999872,429090639.0,1605.2,0.00884215,0.0,eth-usd
2023-03-01 00:04:20.084999936,429090640.0,1605.2,0.06013369,0.0,eth-usd
2023-03-01 00:04:21.175000064,429090641.0,1605.2,0.00211494,0.0,eth-usd
2023-03-01 00:04:21.956000000,429090642.0,1605.14,0.06192606,0.0,eth-usd
2023-03-01 00:04:22.184000000,429090643.0,1605.14,0.00555778,0.0,eth-usd
2023-03-01 00:04:23.575000064,429090644.0,1605.13,0.01822905,1.0,eth-usd
2023-03-01 00:04:23.575000064,429090645.0,1605.1,0.06674585,1.0,eth-usd
2023-03-01 00:04:25.652999936,429090646.0,1605.14,0.00837463,0.0,eth-usd
2023-03-01 00:04:25.912000000,429090647.0,1605.13,0.18689775,1.0,eth-usd
2023-03-01 00:04:25.912000000,429090648.0,1605.13,0.18689686,1.0,eth-usd
2023-03-01 00:04:25.912000000,429090649.0,1605.13,0.00335798,1.0,eth-usd
2023-03-01 00:04:25.912000000,429090650.0,1605.1,0.187,1.0,eth-usd
2023-03-01 00:04:25.912000000,429090651.0,1605.1,0.01823562,1.0,eth-usd
2023-03-01 00:04:25.912000000,429090652.0,1605.08,0.72333053,1.0,eth-usd
2023-03-01 00:04:27.032999936,429090653.0,1605.14,0.0592838,0.0,eth-usd
2023-03-01 00:04:28.553999872,429090654.0,1605.13,0.04864111,0.0,eth-usd
2023-03-01 00:04:28.553999872,429090655.0,1605.14,0.00313202,0.0,eth-usd
2023-03-01 00:04:28.553999872,429090656.0,1605.14,0.05925722,0.0,eth-usd
2023-03-01 00:04:28.553999872,429090657.0,1605.14,0.08472,0.0,eth-usd
2023-03-01 00:04:28.553999872,429090658.0,1605.2,0.02297611,0.0,eth-usd
2023-03-01 00:04:29.436999936,429090659.0,1605.2,0.03102656,0.0,eth-usd
2023-03-01 00:04:29.436999936,429090660.0,1605.2,0.06623806,0.0,eth-usd
2023-03-01 00:04:29.436999936,429090661.0,1605.2,0.03685793,0.0,eth-usd
2023-03-01 00:04:31.291000064,429090662.0,1605.15,0.02479005,0.0,eth-usd
2023-03-01 00:04:31.441999872,429090663.0,1605.15,0.03792862,0.0,eth-usd
2023-03-01 00:04:31.441999872,429090664.0,1605.16,0.07254144,0.0,eth-usd
2023-03-01 00:04:31.895000064,429090665.0,1605.22,0.04463782,0.0,eth-usd
2023-03-01 00:04:32.782000128,429090666.0,1605.22,0.00657717,0.0,eth-usd
2023-03-01 00:04:32.782000128,429090667.0,1605.22,0.00958977,0.0,eth-usd
2023-03-01 00:04:34.436999936,429090668.0,1605.22,0.04791746,0.0,eth-usd
2023-03-01 00:04:34.436999936,429090669.0,1605.23,0.07420581,0.0,eth-usd
2023-03-01 00:04:34.636000000,429090670.0,1605.23,0.002748,0.0,eth-usd
2023-03-01 00:04:34.636000000,429090671.0,1605.23,0.02701261,0.0,eth-usd
2023-03-01 00:04:34.724999936,429090672.0,1605.23,0.02071,0.0,eth-usd
2023-03-01 00:04:34.724999936,429090673.0,1605.23,8.99e-06,0.0,eth-usd
2023-03-01 00:04:34.724999936,429090674.0,1605.24,0.04622482,0.0,eth-usd
2023-03-01 00:04:36.718000128,429090675.0,1605.31,0.00062608,0.0,eth-usd
2023-03-01 00:04:37.623000064,429090676.0,1605.31,0.01457346,0.0,eth-usd
2023-03-01 00:04:37.863000064,429090677.0,1605.31,0.00558515,0.0,eth-usd
2023-03-01 00:04:38.358000128,429090678.0,1605.3,0.15419216,0.0,eth-usd
2023-03-01 00:04:40.151000064,429090679.0,1605.24,0.14397846,1.0,eth-usd
2023-03-01 00:04:40.575000064,429090680.0,1605.28,0.04463782,0.0,eth-usd
2023-03-01 00:04:41.540999936,429090681.0,1605.27,0.00129779,0.0,eth-usd
2023-03-01 00:04:43.496000000,429090682.0,1605.27,0.0012224,0.0,eth-usd
2023-03-01 00:04:43.822000128,429090683.0,1605.22,0.01945,1.0,eth-usd
2023-03-01 00:04:43.822000128,429090684.0,1605.21,1.24593701,1.0,eth-usd
2023-03-01 00:04:43.839000064,429090685.0,1605.2,0.01539,1.0,eth-usd
2023-03-01 00:04:43.839000064,429090686.0,1605.18,0.12238436,1.0,eth-usd
2023-03-01 00:04:43.839000064,429090687.0,1605.16,1.24597448,1.0,eth-usd
2023-03-01 00:04:43.839000064,429090688.0,1605.14,1.43286719,1.0,eth-usd
2023-03-01 00:04:43.839000064,429090689.0,1605.14,0.12824023,1.0,eth-usd
2023-03-01 00:04:44.984999936,429090690.0,1605.23,0.05841,0.0,eth-usd
2023-03-01 00:04:46.566000128,429090691.0,1605.18,0.25,1.0,eth-usd
2023-03-01 00:04:46.854000128,429090692.0,1605.2,0.03054414,0.0,eth-usd
2023-03-01 00:04:49.945999872,429090693.0,1605.2,0.02961106,0.0,eth-usd
2023-03-01 00:04:51.132000000,429090694.0,1605.2,0.00692018,0.0,eth-usd
2023-03-01 00:04:51.174000128,429090695.0,1605.2,0.00494078,0.0,eth-usd
2023-03-01 00:04:51.174000128,429090696.0,1605.2,0.03033403,0.0,eth-usd
2023-03-01 00:04:52.116000000,429090697.0,1605.21,0.04132632,0.0,eth-usd
2023-03-01 00:04:52.427000064,429090698.0,1605.21,0.00503875,0.0,eth-usd
2023-03-01 00:04:53.420999936,429090699.0,1605.21,0.01457192,0.0,eth-usd
2023-03-01 00:04:54.577999872,429090700.0,1605.21,0.0176452,0.0,eth-usd
2023-03-01 00:04:54.577999872,429090701.0,1605.21,0.0320248,0.0,eth-usd
2023-03-01 00:04:55.145999872,429090702.0,1605.21,4.03e-06,0.0,eth-usd
2023-03-01 00:04:55.145999872,429090703.0,1605.21,0.06375597,0.0,eth-usd
2023-03-01 00:04:55.159000064,429090704.0,1605.21,9.23e-06,0.0,eth-usd
2023-03-01 00:04:55.159000064,429090705.0,1605.22,0.06066077,0.0,eth-usd
2023-03-01 00:04:55.496999936,429090706.0,1605.21,0.06229753,1.0,eth-usd
2023-03-01 00:04:56.284000000,429090707.0,1605.22,9.3e-06,0.0,eth-usd
2023-03-01 00:04:56.284000000,429090708.0,1605.22,0.04642563,0.0,eth-usd
2023-03-01 00:04:56.284000000,429090709.0,1605.23,0.06082766,0.0,eth-usd
2023-03-01 00:04:56.284000000,429090710.0,1605.27,0.76206475,0.0,eth-usd
2023-03-01 00:04:56.284000000,429090711.0,1605.31,0.18688839,0.0,eth-usd
2023-03-01 00:04:56.284000000,429090712.0,1605.33,0.18688839,0.0,eth-usd
2023-03-01 00:04:56.284000000,429090713.0,1605.33,0.46722097,0.0,eth-usd
2023-03-01 00:04:56.284000000,429090714.0,1605.34,0.31148064,0.0,eth-usd
2023-03-01 00:04:56.284000000,429090715.0,1605.36,1.51534834,0.0,eth-usd
2023-03-01 00:04:56.284000000,429090716.0,1605.37,0.96978766,0.0,eth-usd
2023-03-01 00:04:56.668000000,429090717.0,1605.37,0.02466813,0.0,eth-usd
2023-03-01 00:04:57.028000000,429090718.0,1605.25,0.18688078,1.0,eth-usd
2023-03-01 00:04:57.028000000,429090719.0,1605.25,0.36,1.0,eth-usd
2023-03-01 00:04:57.028000000,429090720.0,1605.25,0.187,1.0,eth-usd
2023-03-01 00:04:57.028000000,429090721.0,1605.24,0.18688096,1.0,eth-usd
2023-03-01 00:04:57.028000000,429090722.0,1605.23,0.01366185,1.0,eth-usd
2023-03-01 00:04:57.555000064,429090723.0,1605.32,0.00026857,0.0,eth-usd
2023-03-01 00:04:57.668999936,429090724.0,1605.32,0.00659539,0.0,eth-usd
2023-03-01 00:05:03.608999936,429090725.0,1605.31,1.14,1.0,eth-usd
2023-03-01 00:05:03.608999936,429090726.0,1605.28,1.24588146,1.0,eth-usd
2023-03-01 00:05:03.935000064,429090727.0,1605.28,0.14233541,0.0,eth-usd
2023-03-01 00:05:04.588000000,429090728.0,1605.26,0.04622482,0.0,eth-usd
2023-03-01 00:05:04.588000000,429090729.0,1605.27,0.0631389,0.0,eth-usd
2023-03-01 00:05:04.588000000,429090730.0,1605.34,0.1944058,0.0,eth-usd
2023-03-01 00:05:04.632999936,429090731.0,1605.33,0.00247312,0.0,eth-usd
2023-03-01 00:05:04.932000000,429090732.0,1605.32,0.01541912,0.0,eth-usd
2023-03-01 00:05:06.648000000,429090733.0,1605.32,0.01449824,0.0,eth-usd
2023-03-01 00:05:06.979000064,429090734.0,1605.32,0.04781071,0.0,eth-usd
2023-03-01 00:05:06.979000064,429090735.0,1605.32,0.14032784,0.0,eth-usd
2023-03-01 00:05:07.395000064,429090736.0,1605.32,0.02891566,0.0,eth-usd
2023-03-01 00:05:08.532000000,429090737.0,1605.32,0.00128238,0.0,eth-usd
2023-03-01 00:05:09.351000064,429090738.0,1605.32,0.00558453,0.0,eth-usd
2023-03-01 00:05:10.081999872,429090739.0,1605.31,0.00730034,0.0,eth-usd
2023-03-01 00:05:12.537999872,429090740.0,1605.31,0.00929721,0.0,eth-usd
2023-03-01 00:05:12.596000000,429090741.0,1605.31,0.0316367,0.0,eth-usd
2023-03-01 00:05:13.404999936,429090742.0,1605.3,0.39,1.0,eth-usd
2023-03-01 00:05:13.404999936,429090743.0,1605.3,0.01,1.0,eth-usd
2023-03-01 00:05:14.024000000,429090744.0,1605.3,0.18687761,1.0,eth-usd
2023-03-01 00:05:14.024000000,429090745.0,1605.3,0.136,1.0,eth-usd
2023-03-01 00:05:14.024000000,429090746.0,1605.29,1.12377026,1.0,eth-usd
2023-03-01 00:05:14.318000128,429090747.0,1605.31,0.00649585,0.0,eth-usd
2023-03-01 00:05:14.804000000,429090748.0,1605.3,0.04817,0.0,eth-usd
2023-03-01 00:05:14.814000128,429090749.0,1605.3,3.61e-06,0.0,eth-usd
2023-03-01 00:05:14.814000128,429090750.0,1605.31,0.00587694,0.0,eth-usd
2023-03-01 00:05:14.814000128,429090751.0,1605.31,0.03233945,0.0,eth-usd
2023-03-01 00:05:15.505999872,429090752.0,1605.3,0.1868767,1.0,eth-usd
2023-03-01 00:05:15.505999872,429090753.0,1605.3,0.25248,1.0,eth-usd
2023-03-01 00:05:15.505999872,429090754.0,1605.29,0.74250829,1.0,eth-usd
2023-03-01 00:05:15.640999936,429090755.0,1605.31,1.027e-05,0.0,eth-usd
2023-03-01 00:05:15.640999936,429090756.0,1605.31,0.00618787,0.0,eth-usd
2023-03-01 00:05:19.296999936,429090757.0,1605.3,0.00580977,0.0,eth-usd
2023-03-01 00:05:19.916000000,429090758.0,1605.3,0.01141518,0.0,eth-usd
2023-03-01 00:05:21.668000000,429090759.0,1605.3,0.02314822,0.0,eth-usd
2023-03-01 00:05:21.668000000,429090760.0,1605.3,0.00862777,0.0,eth-usd
2023-03-01 00:05:22.334000128,429090761.0,1605.29,0.32995021,1.0,eth-usd
2023-03-01 00:05:23.544999936,429090762.0,1605.29,0.01132599,1.0,eth-usd
2023-03-01 00:05:23.712000000,429090763.0,1605.29,0.06712205,1.0,eth-usd
2023-03-01 00:05:23.880999936,429090764.0,1605.3,0.0057531,0.0,eth-usd
2023-03-01 00:05:23.880999936,429090765.0,1605.3,0.05060219,0.0,eth-usd
2023-03-01 00:05:26.385999872,429090766.0,1605.29,0.35155196,1.0,eth-usd
2023-03-01 00:05:26.385999872,429090767.0,1605.29,0.35094804,1.0,eth-usd
2023-03-01 00:05:27.745999872,429090768.0,1605.26,0.02975728,0.0,eth-usd
2023-03-01 00:05:27.824999936,429090769.0,1605.27,0.1868878,0.0,eth-usd
2023-03-01 00:05:27.824999936,429090770.0,1605.27,0.05074839,0.0,eth-usd
2023-03-01 00:05:27.824999936,429090771.0,1605.28,0.04980277,0.0,eth-usd
2023-03-01 00:05:27.824999936,429090772.0,1605.28,0.187,0.0,eth-usd
2023-03-01 00:05:27.824999936,429090773.0,1605.3,0.04429781,0.0,eth-usd
2023-03-01 00:05:27.824999936,429090774.0,1605.32,0.06984,0.0,eth-usd
2023-03-01 00:05:27.824999936,429090775.0,1605.32,1.04142323,0.0,eth-usd
2023-03-01 00:05:29.558000128,429090776.0,1605.27,0.06655379,0.0,eth-usd
2023-03-01 00:05:29.558000128,429090777.0,1605.28,0.05907887,0.0,eth-usd
2023-03-01 00:05:29.558000128,429090778.0,1605.4,0.18687847,0.0,eth-usd
2023-03-01 00:05:29.558000128,429090779.0,1605.43,0.46719444,0.0,eth-usd
2023-03-01 00:05:29.558000128,429090780.0,1605.44,0.85029443,0.0,eth-usd
2023-03-01 00:05:30.361999872,429090781.0,1605.37,0.05241449,0.0,eth-usd
2023-03-01 00:05:30.361999872,429090782.0,1605.38,0.04444424,0.0,eth-usd
2023-03-01 00:05:30.361999872,429090783.0,1605.38,0.21344716,0.0,eth-usd
2023-03-01 00:05:30.996999936,429090784.0,1605.38,0.00248545,0.0,eth-usd
2023-03-01 00:05:33.039000064,429090785.0,1605.37,0.04262998,0.0,eth-usd
2023-03-01 00:05:33.039000064,429090786.0,1605.38,0.03976541,0.0,eth-usd
2023-03-01 00:05:33.039000064,429090787.0,1605.43,0.18687156,0.0,eth-usd
2023-03-01 00:05:33.039000064,429090788.0,1605.44,0.39546227,0.0,eth-usd
2023-03-01 00:05:33.039000064,429090789.0,1605.44,0.62288291,0.0,eth-usd
2023-03-01 00:05:33.039000064,429090790.0,1605.44,0.34238787,0.0,eth-usd
2023-03-01 00:05:34.316999936,429090791.0,1605.39,0.01457201,0.0,eth-usd
2023-03-01 00:05:34.428000000,429090792.0,1605.39,0.00558453,0.0,eth-usd
2023-03-01 00:05:34.772999936,429090793.0,1605.39,0.01914561,0.0,eth-usd
2023-03-01 00:05:34.772999936,429090794.0,1605.39,0.187,0.0,eth-usd
2023-03-01 00:05:34.772999936,429090795.0,1605.39,0.01292915,0.0,eth-usd
2023-03-01 00:05:34.772999936,429090796.0,1605.39,0.02576216,0.0,eth-usd
2023-03-01 00:05:34.772999936,429090797.0,1605.4,0.04890653,0.0,eth-usd
2023-03-01 00:05:34.772999936,429090798.0,1605.43,0.18687469,0.0,eth-usd
2023-03-01 00:05:34.772999936,429090799.0,1605.44,1.14938186,0.0,eth-usd
2023-03-01 00:05:38.212999936,429090800.0,1605.44,0.03031582,0.0,eth-usd
2023-03-01 00:05:40.892999936,429090801.0,1605.39,0.00523221,1.0,eth-usd
2023-03-01 00:05:42.686000128,429090802.0,1605.36,0.06354,1.0,eth-usd
2023-03-01 00:05:42.700000000,429090803.0,1605.36,3.37e-06,1.0,eth-usd
2023-03-01 00:05:42.700000000,429090804.0,1605.31,0.0046533,1.0,eth-usd
2023-03-01 00:05:42.700000000,429090805.0,1605.31,1.24586239,1.0,eth-usd
2023-03-01 00:05:43.534000128,429090806.0,1605.31,0.0431805,0.0,eth-usd
2023-03-01 00:05:43.534000128,429090807.0,1605.32,0.04280857,0.0,eth-usd
2023-03-01 00:05:43.640999936,429090808.0,1605.32,0.0022968,0.0,eth-usd
2023-03-01 00:05:44.428999936,429090809.0,1605.32,0.00084879,0.0,eth-usd
2023-03-01 00:05:44.535000064,429090810.0,1605.31,0.06227,1.0,eth-usd
2023-03-01 00:05:45.740000000,429090811.0,1605.32,0.00189345,0.0,eth-usd
2023-03-01 00:05:45.740000000,429090812.0,1605.32,0.00093625,0.0,eth-usd
2023-03-01 00:05:46.308000000,429090813.0,1605.32,0.01616416,0.0,eth-usd
2023-03-01 00:05:46.404999936,429090814.0,1605.32,0.0114724,0.0,eth-usd
2023-03-01 00:05:46.451000064,429090815.0,1605.31,0.01572944,1.0,eth-usd
2023-03-01 00:05:48.004000000,429090816.0,1605.32,0.00399951,0.0,eth-usd
2023-03-01 00:05:48.004000000,429090817.0,1605.32,0.01802141,0.0,eth-usd
2023-03-01 00:05:48.004000000,429090818.0,1605.32,0.01864955,0.0,eth-usd
2023-03-01 00:05:48.004000000,429090819.0,1605.33,0.04490616,0.0,eth-usd
2023-03-01 00:05:48.004000000,429090820.0,1605.43,0.06858575,0.0,eth-usd
2023-03-01 00:05:49.956999936,429090821.0,1605.31,0.00524531,1.0,eth-usd
2023-03-01 00:05:50.056999936,429090822.0,1605.31,0.01079481,1.0,eth-usd
2023-03-01 00:05:50.056999936,429090823.0,1605.3,0.67521312,1.0,eth-usd
2023-03-01 00:05:50.166000128,429090824.0,1605.3,0.57065,1.0,eth-usd
2023-03-01 00:05:50.185999872,429090825.0,1605.3,9.92e-06,1.0,eth-usd
2023-03-01 00:05:50.185999872,429090826.0,1605.21,0.02524,1.0,eth-usd
2023-03-01 00:05:50.185999872,429090827.0,1605.21,0.00144008,1.0,eth-usd
2023-03-01 00:05:50.187000064,429090828.0,1605.21,1.144e-05,1.0,eth-usd
2023-03-01 00:05:50.187000064,429090829.0,1605.16,1.55747321,1.0,eth-usd
2023-03-01 00:05:50.276000000,429090830.0,1605.15,0.12425838,1.0,eth-usd
2023-03-01 00:05:50.276000000,429090831.0,1605.11,0.11456536,1.0,eth-usd
2023-03-01 00:05:50.276000000,429090832.0,1605.07,1.55756364,1.0,eth-usd
2023-03-01 00:05:50.276000000,429090833.0,1605.04,0.30522022,1.0,eth-usd
2023-03-01 00:05:50.280000000,429090834.0,1605.0,1.0,1.0,eth-usd
2023-03-01 00:05:50.280000000,429090835.0,1605.0,1.40579623,1.0,eth-usd
2023-03-01 00:05:50.280000000,429090836.0,1604.98,0.5,1.0,eth-usd
2023-03-01 00:05:50.288000000,429090837.0,1604.88,0.00559543,1.0,eth-usd
2023-03-01 00:05:50.288000000,429090838.0,1604.86,0.00219956,1.0,eth-usd
2023-03-01 00:05:50.288000000,429090839.0,1604.85,1.0,1.0,eth-usd
2023-03-01 00:05:50.288000000,429090840.0,1604.84,1.32315097,1.0,eth-usd
2023-03-01 00:05:50.288000000,429090841.0,1604.84,1.71570366,1.0,eth-usd
2023-03-01 00:05:50.288999936,429090842.0,1604.84,0.07605837,1.0,eth-usd
2023-03-01 00:05:50.294000128,429090843.0,1605.01,1.40579623,1.0,eth-usd
2023-03-01 00:05:50.324999936,429090844.0,1604.79,2.21,1.0,eth-usd
2023-03-01 00:05:50.516000000,429090845.0,1604.95,0.00082978,0.0,eth-usd
2023-03-01 00:05:53.407000064,429090846.0,1604.83,0.01588953,1.0,eth-usd
2023-03-01 00:05:53.407000064,429090847.0,1604.83,0.06275614,1.0,eth-usd
2023-03-01 00:05:55.704999936,429090848.0,1604.89,0.00619795,0.0,eth-usd
2023-03-01 00:05:55.776000000,429090849.0,1604.89,0.0344333,0.0,eth-usd
2023-03-01 00:05:55.776000000,429090850.0,1604.9,0.0047467,0.0,eth-usd
2023-03-01 00:05:55.788999936,429090851.0,1604.9,0.02968,0.0,eth-usd
2023-03-01 00:05:55.790000128,429090852.0,1604.9,0.00475,0.0,eth-usd
2023-03-01 00:05:55.799000064,429090853.0,1604.9,3.43e-06,0.0,eth-usd
2023-03-01 00:05:55.820999936,429090854.0,1605.1,0.24632075,0.0,eth-usd
2023-03-01 00:05:55.820999936,429090855.0,1605.11,0.25367925,0.0,eth-usd
2023-03-01 00:05:57.619000064,429090856.0,1605.12,0.00354792,1.0,eth-usd
2023-03-01 00:05:57.996999936,429090857.0,1605.17,0.03670931,0.0,eth-usd
2023-03-01 00:05:57.996999936,429090858.0,1605.18,0.2129806,0.0,eth-usd
2023-03-01 00:05:59.920000000,429090859.0,1605.14,0.11922129,1.0,eth-usd
2023-03-01 00:06:00.977999872,429090860.0,1605.15,0.01601067,0.0,eth-usd
2023-03-01 00:06:01.363000064,429090861.0,1605.15,0.03834735,0.0,eth-usd
2023-03-01 00:06:01.363000064,429090862.0,1605.16,0.0553385,0.0,eth-usd
2023-03-01 00:06:01.363000064,429090863.0,1605.22,0.76223887,0.0,eth-usd
2023-03-01 00:06:01.372000000,429090864.0,1605.27,0.31149655,0.0,eth-usd
2023-03-01 00:06:01.372000000,429090865.0,1605.28,0.69031746,0.0,eth-usd
2023-03-01 00:06:01.379000064,429090866.0,1605.26,0.24632075,0.0,eth-usd
2023-03-01 00:06:02.553999872,429090867.0,1605.33,0.07215866,1.0,eth-usd
2023-03-01 00:06:03.907000064,429090868.0,1605.35,0.0083736,0.0,eth-usd
2023-03-01 00:06:05.086000128,429090869.0,1605.28,0.01361852,0.0,eth-usd
2023-03-01 00:06:08.451000064,429090870.0,1605.23,1.24592002,1.0,eth-usd
2023-03-01 00:06:08.451000064,429090871.0,1605.18,0.18688475,1.0,eth-usd
2023-03-01 00:06:08.451000064,429090872.0,1605.16,1.24597789,1.0,eth-usd
2023-03-01 00:06:08.451000064,429090873.0,1605.16,0.12583851,1.0,eth-usd
2023-03-01 00:06:08.481999872,429090874.0,1605.12,2.72880024,1.0,eth-usd
2023-03-01 00:06:08.483000064,429090875.0,1605.18,0.18688475,1.0,eth-usd
2023-03-01 00:06:08.483000064,429090876.0,1605.06,1.63302986,1.0,eth-usd
2023-03-01 00:06:08.483000064,429090877.0,1605.06,1.5322018,1.0,eth-usd
2023-03-01 00:06:08.483000064,429090878.0,1605.06,2.49253468,1.0,eth-usd
2023-03-01 00:06:08.504000000,429090879.0,1605.05,0.07152045,1.0,eth-usd
2023-03-01 00:06:08.680000000,429090880.0,1605.13,0.00409192,0.0,eth-usd
2023-03-01 00:06:08.702000128,429090881.0,1605.13,0.06524016,0.0,eth-usd
2023-03-01 00:06:08.952000000,429090882.0,1605.14,0.00659466,0.0,eth-usd
2023-03-01 00:06:09.678000128,429090883.0,1605.05,0.05795701,1.0,eth-usd
2023-03-01 00:06:10.617999872,429090884.0,1605.12,0.187,0.0,eth-usd
2023-03-01 00:06:10.617999872,429090885.0,1605.12,0.05569148,0.0,eth-usd
2023-03-01 00:06:10.617999872,429090886.0,1605.13,0.18690702,0.0,eth-usd
2023-03-01 00:06:10.617999872,429090887.0,1605.13,0.03616024,0.0,eth-usd
2023-03-01 00:06:10.617999872,429090888.0,1605.17,0.15450753,0.0,eth-usd
2023-03-01 00:06:10.657999872,429090889.0,1605.17,0.00024909,0.0,eth-usd
2023-03-01 00:06:11.928000000,429090890.0,1605.15,0.12139389,0.0,eth-usd
2023-03-01 00:06:14.840000000,429090891.0,1605.14,1.24599723,1.0,eth-usd
2023-03-01 00:06:14.840000000,429090892.0,1605.14,0.187,1.0,eth-usd
2023-03-01 00:06:14.840000000,429090893.0,1605.14,0.39,1.0,eth-usd
2023-03-01 00:06:14.863000064,429090894.0,1605.02,1.55760736,1.0,eth-usd
2023-03-01 00:06:16.094000128,429090895.0,1604.99,0.24632075,0.0,eth-usd
2023-03-01 00:06:16.094000128,429090896.0,1604.99,0.05678962,0.0,eth-usd
2023-03-01 00:06:16.094000128,429090897.0,1604.99,1.43170555,0.0,eth-usd
2023-03-01 00:06:16.094000128,429090898.0,1604.99,0.138,0.0,eth-usd
2023-03-01 00:06:16.094000128,429090899.0,1604.99,0.187,0.0,eth-usd
2023-03-01 00:06:16.094000128,429090900.0,1605.0,0.05647586,0.0,eth-usd
2023-03-01 00:06:16.094000128,429090901.0,1605.01,2.5,0.0,eth-usd
2023-03-01 00:06:16.094000128,429090902.0,1605.01,1.57268229,0.0,eth-usd
2023-03-01 00:06:16.094000128,429090903.0,1605.04,2.5,0.0,eth-usd
2023-03-01 00:06:16.094000128,429090904.0,1605.05,0.21686055,0.0,eth-usd
2023-03-01 00:06:16.480999936,429090905.0,1605.01,0.05438828,0.0,eth-usd
2023-03-01 00:06:16.683000064,429090906.0,1604.99,0.0329584,0.0,eth-usd
2023-03-01 00:06:16.812999936,429090907.0,1604.98,0.16008,1.0,eth-usd
2023-03-01 00:06:17.744999936,429090908.0,1604.98,9.22e-06,1.0,eth-usd
2023-03-01 00:06:17.744999936,429090909.0,1604.98,0.87,1.0,eth-usd
2023-03-01 00:06:17.761999872,429090910.0,1604.82,0.01589586,1.0,eth-usd
2023-03-01 00:06:18.991000064,429090911.0,1604.94,0.01141546,0.0,eth-usd
2023-03-01 00:06:19.739000064,429090912.0,1604.94,0.03000017,0.0,eth-usd
2023-03-01 00:06:19.739000064,429090913.0,1604.94,0.03215797,0.0,eth-usd
2023-03-01 00:06:19.776000000,429090914.0,1604.94,2.491e-05,0.0,eth-usd
2023-03-01 00:06:20.702000128,429090915.0,1604.94,0.00555705,0.0,eth-usd
2023-03-01 00:06:21.596999936,429090916.0,1604.91,0.00248593,0.0,eth-usd
2023-03-01 00:06:22.120000000,429090917.0,1604.91,0.07133818,0.0,eth-usd
2023-03-01 00:06:22.132999936,429090918.0,1604.91,0.29654949,0.0,eth-usd
2023-03-01 00:06:22.260999936,429090919.0,1604.91,0.05930367,0.0,eth-usd
2023-03-01 00:06:22.825999872,429090920.0,1604.91,0.01137178,0.0,eth-usd
2023-03-01 00:06:23.464999936,429090921.0,1604.9,0.06120975,1.0,eth-usd
2023-03-01 00:06:23.643000064,429090922.0,1604.91,0.0100746,0.0,eth-usd
2023-03-01 00:06:24.148000000,429090923.0,1604.91,0.00079212,0.0,eth-usd
2023-03-01 00:06:25.152999936,429090924.0,1604.91,0.0593077,0.0,eth-usd
2023-03-01 00:06:25.976999936,429090925.0,1604.91,0.00093457,0.0,eth-usd
2023-03-01 00:06:26.640999936,429090926.0,1604.91,0.01457528,0.0,eth-usd
2023-03-01 00:06:26.785999872,429090927.0,1604.91,0.03099688,0.0,eth-usd
2023-03-01 00:06:27.078000128,429090928.0,1604.91,0.00558585,0.0,eth-usd
2023-03-01 00:06:27.312000000,429090929.0,1604.91,0.00352055,0.0,eth-usd
2023-03-01 00:06:27.524999936,429090930.0,1604.91,0.06064486,0.0,eth-usd
2023-03-01 00:06:27.796999936,429090931.0,1604.9,0.53879,1.0,eth-usd
2023-03-01 00:06:27.808999936,429090932.0,1604.9,2.5e-07,1.0,eth-usd
2023-03-01 00:06:27.808999936,429090933.0,1604.88,0.08003975,1.0,eth-usd
2023-03-01 00:06:29.062000128,429090934.0,1604.88,9.84e-06,1.0,eth-usd
2023-03-01 00:06:29.062000128,429090935.0,1604.88,1.01999016,1.0,eth-usd
2023-03-01 00:06:29.294000128,429090936.0,1604.89,0.01822532,0.0,eth-usd
2023-03-01 00:06:30.502000128,429090937.0,1604.89,0.03579704,0.0,eth-usd
2023-03-01 00:06:31.523000064,429090938.0,1604.88,9.84e-06,1.0,eth-usd
2023-03-01 00:06:31.523000064,429090939.0,1604.88,0.04002791,1.0,eth-usd
2023-03-01 00:06:31.523000064,429090940.0,1604.74,0.00296225,1.0,eth-usd
2023-03-01 00:06:31.625999872,429090941.0,1604.83,0.13168418,0.0,eth-usd
2023-03-01 00:06:32.160000000,429090942.0,1604.76,0.03579704,1.0,eth-usd
2023-03-01 00:06:32.176999936,429090943.0,1604.82,0.12150819,0.0,eth-usd
2023-03-01 00:06:32.180999936,429090944.0,1604.82,0.06543324,0.0,eth-usd
2023-03-01 00:06:32.180999936,429090945.0,1604.83,0.04212158,0.0,eth-usd
2023-03-01 00:06:32.180999936,429090946.0,1604.84,0.91678635,0.0,eth-usd
2023-03-01 00:06:32.740999936,429090947.0,1604.82,0.04667103,0.0,eth-usd
2023-03-01 00:06:32.740999936,429090948.0,1604.83,0.05306378,0.0,eth-usd
2023-03-01 00:06:32.740999936,429090949.0,1604.84,1.24623015,0.0,eth-usd
2023-03-01 00:06:32.740999936,429090950.0,1604.88,0.15403504,0.0,eth-usd
2023-03-01 00:06:32.759000064,429090951.0,1604.91,0.0055891,0.0,eth-usd
2023-03-01 00:06:34.598000128,429090952.0,1604.81,0.02078313,0.0,eth-usd
2023-03-01 00:06:36.244000000,429090953.0,1604.78,0.00309971,0.0,eth-usd
2023-03-01 00:06:36.488000000,429090954.0,1604.78,0.00619392,0.0,eth-usd
2023-03-01 00:06:38.513999872,429090955.0,1604.77,0.02001532,1.0,eth-usd
2023-03-01 00:06:38.513999872,429090956.0,1604.77,0.00298193,1.0,eth-usd
2023-03-01 00:06:39.038000128,429090957.0,1604.78,0.00185676,0.0,eth-usd
2023-03-01 00:06:39.411000064,429090958.0,1604.78,0.00190648,0.0,eth-usd
2023-03-01 00:06:39.843000064,429090959.0,1604.78,0.03063349,0.0,eth-usd
2023-03-01 00:06:39.843000064,429090960.0,1604.78,0.02168512,0.0,eth-usd
2023-03-01 00:06:39.843000064,429090961.0,1604.79,1.24627132,0.0,eth-usd
2023-03-01 00:06:39.843000064,429090962.0,1604.79,0.04623961,0.0,eth-usd
2023-03-01 00:06:39.843000064,429090963.0,1604.83,0.12168696,0.0,eth-usd
2023-03-01 00:06:39.843000064,429090964.0,1604.87,0.18694154,0.0,eth-usd
2023-03-01 00:06:39.843000064,429090965.0,1604.88,1.35631154,0.0,eth-usd
2023-03-01 00:06:39.843000064,429090966.0,1604.89,0.15937927,0.0,eth-usd
2023-03-01 00:06:39.843000064,429090967.0,1604.89,0.31156924,0.0,eth-usd
2023-03-01 00:06:39.843000064,429090968.0,1604.89,0.4673539,0.0,eth-usd
2023-03-01 00:06:39.843000064,429090969.0,1604.9,1.35631154,0.0,eth-usd
2023-03-01 00:06:39.843000064,429090970.0,1604.91,0.61559116,0.0,eth-usd
2023-03-01 00:06:39.843000064,429090971.0,1604.92,1.46821511,0.0,eth-usd
2023-03-01 00:06:39.843000064,429090972.0,1604.95,1.99900706,0.0,eth-usd
2023-03-01 00:06:39.843000064,429090973.0,1604.97,0.3,0.0,eth-usd
2023-03-01 00:06:39.843000064,429090974.0,1604.98,1.72292335,0.0,eth-usd
2023-03-01 00:06:39.843000064,429090975.0,1604.99,0.93476291,0.0,eth-usd
2023-03-01 00:06:39.843000064,429090976.0,1605.0,1.0,0.0,eth-usd
2023-03-01 00:06:39.843000064,429090977.0,1605.0,2.27913886,0.0,eth-usd
2023-03-01 00:06:39.843000064,429090978.0,1605.01,2.33690717,0.0,eth-usd
2023-03-01 00:06:39.843000064,429090979.0,1605.02,1.55761749,0.0,eth-usd
2023-03-01 00:06:39.843000064,429090980.0,1605.05,1.24238126,0.0,eth-usd
2023-03-01 00:06:39.843000064,429090981.0,1605.06,0.3,0.0,eth-usd
2023-03-01 00:06:39.843000064,429090982.0,1605.08,1.08438023,0.0,eth-usd
2023-03-01 00:06:39.843000064,429090983.0,1605.09,0.3,0.0,eth-usd
2023-03-01 00:06:39.843000064,429090984.0,1605.09,1.85407098,0.0,eth-usd
2023-03-01 00:06:40.720999936,429090985.0,1605.03,0.01147462,0.0,eth-usd
2023-03-01 00:06:40.880999936,429090986.0,1604.95,0.32710605,1.0,eth-usd
2023-03-01 00:06:41.644000000,429090987.0,1605.0,0.0297621,0.0,eth-usd
2023-03-01 00:06:41.712000000,429090988.0,1605.0,0.01203503,0.0,eth-usd
2023-03-01 00:06:42.808999936,429090989.0,1604.89,0.05847605,0.0,eth-usd
2023-03-01 00:06:42.808999936,429090990.0,1604.9,0.05384817,0.0,eth-usd
2023-03-01 00:06:42.808999936,429090991.0,1604.91,1.24617579,0.0,eth-usd
2023-03-01 00:06:43.495000064,429090992.0,1604.96,0.00013613,0.0,eth-usd
2023-03-01 00:06:44.555000064,429090993.0,1604.84,0.05533255,1.0,eth-usd
2023-03-01 00:06:44.936999936,429090994.0,1604.91,0.05020077,0.0,eth-usd
2023-03-01 00:06:44.936999936,429090995.0,1604.92,0.05643664,0.0,eth-usd
2023-03-01 00:06:44.936999936,429090996.0,1604.96,1.24600084,0.0,eth-usd
2023-03-01 00:06:44.936999936,429090997.0,1605.0,1.46517822,0.0,eth-usd
2023-03-01 00:06:44.936999936,429090998.0,1605.01,0.87595487,0.0,eth-usd
2023-03-01 00:06:44.936999936,429090999.0,1605.02,0.31154929,0.0,eth-usd
2023-03-01 00:06:44.936999936,429091000.0,1605.02,1.46517822,0.0,eth-usd
2023-03-01 00:06:44.936999936,429091001.0,1605.03,0.11315956,0.0,eth-usd
2023-03-01 00:06:44.936999936,429091002.0,1605.03,0.3,0.0,eth-usd
2023-03-01 00:06:44.936999936,429091003.0,1605.05,1.55758664,0.0,eth-usd
2023-03-01 00:06:44.936999936,429091004.0,1605.1,0.3,0.0,eth-usd
2023-03-01 00:06:44.936999936,429091005.0,1605.11,0.3,0.0,eth-usd
2023-03-01 00:06:44.936999936,429091006.0,1605.12,0.55694006,0.0,eth-usd
2023-03-01 00:06:45.895000064,429091007.0,1605.0,0.103,1.0,eth-usd
2023-03-01 00:06:47.782000128,429091008.0,1604.78,0.18693515,1.0,eth-usd
2023-03-01 00:06:47.782000128,429091009.0,1604.77,0.02001532,1.0,eth-usd
2023-03-01 00:06:47.782000128,429091010.0,1604.77,0.29277953,1.0,eth-usd
2023-03-01 00:06:52.784999936,429091011.0,1604.83,0.00309969,0.0,eth-usd
2023-03-01 00:06:55.760000000,429091012.0,1604.83,0.00558623,0.0,eth-usd
2023-03-01 00:06:56.055000064,429091013.0,1604.82,0.10695646,1.0,eth-usd
2023-03-01 00:06:56.148999936,429091014.0,1604.83,0.01147626,0.0,eth-usd
2023-03-01 00:06:57.283000064,429091015.0,1604.82,0.00718739,1.0,eth-usd
2023-03-01 00:06:58.576999936,429091016.0,1604.83,0.01141859,0.0,eth-usd
2023-03-01 00:06:58.608000000,429091017.0,1604.83,0.00070059,0.0,eth-usd
2023-03-01 00:06:58.723000064,429091018.0,1604.83,0.00558623,0.0,eth-usd
2023-03-01 00:07:00.708000000,429091019.0,1604.83,0.01425493,0.0,eth-usd
2023-03-01 00:07:00.708000000,429091020.0,1604.83,0.03392857,0.0,eth-usd
2023-03-01 00:07:00.708000000,429091021.0,1604.83,0.01706682,0.0,eth-usd
2023-03-01 00:07:00.783000064,429091022.0,1604.82,1.36,1.0,eth-usd
2023-03-01 00:07:00.820000000,429091023.0,1604.62,0.30481509,1.0,eth-usd
2023-03-01 00:07:00.887000064,429091024.0,1604.52,0.10162841,1.0,eth-usd
2023-03-01 00:07:00.887000064,429091025.0,1604.52,1.35076094,1.0,eth-usd
2023-03-01 00:07:00.887000064,429091026.0,1604.52,1.66295317,1.0,eth-usd
2023-03-01 00:07:00.888999936,429091027.0,1604.47,4.67244596,1.0,eth-usd
2023-03-01 00:07:00.891000064,429091028.0,1604.46,3.11534252,1.0,eth-usd
2023-03-01 00:07:00.908999936,429091029.0,1604.52,1.46794096,1.0,eth-usd
2023-03-01 00:07:00.988999936,429091030.0,1604.34,0.12678182,1.0,eth-usd
2023-03-01 00:07:01.027000064,429091031.0,1604.22,0.24632075,1.0,eth-usd
2023-03-01 00:07:01.027000064,429091032.0,1604.2,2.01512411,1.0,eth-usd
2023-03-01 00:07:01.028000000,429091033.0,1604.2,2.39063553,1.0,eth-usd
2023-03-01 00:07:01.028000000,429091034.0,1604.17,1.93332467,1.0,eth-usd
2023-03-01 00:07:01.028999936,429091035.0,1604.17,0.26149509,1.0,eth-usd
2023-03-01 00:07:01.028999936,429091036.0,1604.17,1.43065761,1.0,eth-usd
2023-03-01 00:07:01.028999936,429091037.0,1604.23,0.187,1.0,eth-usd
2023-03-01 00:07:01.143000064,429091038.0,1604.22,0.24632,1.0,eth-usd
2023-03-01 00:07:01.350000128,429091039.0,1604.15,0.08297,1.0,eth-usd
2023-03-01 00:07:01.673999872,429091040.0,1604.15,5.74e-06,1.0,eth-usd
2023-03-01 00:07:01.673999872,429091041.0,1604.15,0.01559426,1.0,eth-usd
2023-03-01 00:07:02.628999936,429091042.0,1604.18,0.0456121,0.0,eth-usd
2023-03-01 00:07:02.628999936,429091043.0,1604.19,0.01117234,0.0,eth-usd
2023-03-01 00:07:03.524000000,429091044.0,1604.17,0.00062418,1.0,eth-usd
2023-03-01 00:07:06.948999936,429091045.0,1604.17,1.41937582,1.0,eth-usd
2023-03-01 00:07:06.948999936,429091046.0,1604.17,6.23e-06,1.0,eth-usd
2023-03-01 00:07:06.948999936,429091047.0,1604.17,0.01560308,1.0,eth-usd
2023-03-01 00:07:06.948999936,429091048.0,1604.15,9.01e-06,1.0,eth-usd
2023-03-01 00:07:06.948999936,429091049.0,1604.08,0.12509714,1.0,eth-usd
2023-03-01 00:07:06.948999936,429091050.0,1604.06,0.30562634,1.0,eth-usd
2023-03-01 00:07:06.948999936,429091051.0,1604.02,0.11696552,1.0,eth-usd
2023-03-01 00:07:06.948999936,429091052.0,1604.02,0.08839901,1.0,eth-usd
2023-03-01 00:07:06.948999936,429091053.0,1604.02,0.08600765,1.0,eth-usd
2023-03-01 00:07:06.948999936,429091054.0,1604.02,0.09759014,1.0,eth-usd
2023-03-01 00:07:06.948999936,429091055.0,1603.98,1.09639006,1.0,eth-usd
2023-03-01 00:07:06.974000128,429091056.0,1603.98,1.24689457,1.0,eth-usd
2023-03-01 00:07:08.081999872,429091057.0,1603.99,0.04929872,0.0,eth-usd
2023-03-01 00:07:08.081999872,429091058.0,1603.99,0.06637853,0.0,eth-usd
2023-03-01 00:07:08.184000000,429091059.0,1604.0,0.00200903,0.0,eth-usd
2023-03-01 00:07:08.447000064,429091060.0,1603.91,0.00806131,1.0,eth-usd
2023-03-01 00:07:09.699000064,429091061.0,1603.92,0.18704729,0.0,eth-usd
2023-03-01 00:07:09.699000064,429091062.0,1603.93,0.11833537,0.0,eth-usd
2023-03-01 00:07:10.460999936,429091063.0,1603.72,2.5,1.0,eth-usd
2023-03-01 00:07:10.460999936,429091064.0,1603.71,2.5,1.0,eth-usd
2023-03-01 00:07:10.460999936,429091065.0,1603.71,2.5,1.0,eth-usd
2023-03-01 00:07:10.460999936,429091066.0,1603.71,1.51954508,1.0,eth-usd
2023-03-01 00:07:10.470000128,429091067.0,1603.66,0.24632075,1.0,eth-usd
2023-03-01 00:07:10.500999936,429091068.0,1603.64,0.21382721,1.0,eth-usd
2023-03-01 00:07:10.528000000,429091069.0,1603.64,0.09164024,1.0,eth-usd
2023-03-01 00:07:10.528000000,429091070.0,1603.64,0.06152148,1.0,eth-usd
2023-03-01 00:07:10.544999936,429091071.0,1603.64,0.06564,1.0,eth-usd
2023-03-01 00:07:14.542000128,429091072.0,1603.5,0.02962878,0.0,eth-usd
2023-03-01 00:07:16.553999872,429091073.0,1603.5,0.00183182,0.0,eth-usd
2023-03-01 00:07:17.676000000,429091074.0,1603.42,0.07133818,1.0,eth-usd
2023-03-01 00:07:17.924000000,429091075.0,1603.42,0.25682787,1.0,eth-usd
2023-03-01 00:07:20.064999936,429091076.0,1603.43,0.0313764,0.0,eth-usd
2023-03-01 00:07:20.097999872,429091077.0,1603.43,1.246e-05,0.0,eth-usd
2023-03-01 00:07:21.248000000,429091078.0,1603.43,0.05369129,0.0,eth-usd
2023-03-01 00:07:21.248000000,429091079.0,1603.43,0.00618695,0.0,eth-usd
2023-03-01 00:07:23.353999872,429091080.0,1603.42,0.06631056,1.0,eth-usd
2023-03-01 00:07:24.204000000,429091081.0,1603.43,0.01118451,0.0,eth-usd
2023-03-01 00:07:24.360999936,429091082.0,1603.43,0.00559086,0.0,eth-usd
2023-03-01 00:07:25.088000000,429091083.0,1603.43,0.02060067,0.0,eth-usd
2023-03-01 00:07:25.088000000,429091084.0,1603.43,2.19185388,0.0,eth-usd
2023-03-01 00:07:25.088000000,429091085.0,1603.43,0.01232187,0.0,eth-usd
2023-03-01 00:07:25.088000000,429091086.0,1603.43,0.48268498,0.0,eth-usd
2023-03-01 00:07:25.088000000,429091087.0,1603.43,0.187,0.0,eth-usd
2023-03-01 00:07:25.088000000,429091088.0,1603.44,1.24731826,0.0,eth-usd
2023-03-01 00:07:25.088000000,429091089.0,1603.44,0.05023999,0.0,eth-usd
2023-03-01 00:07:25.465999872,429091090.0,1603.33,0.01485816,1.0,eth-usd
2023-03-01 00:07:27.014000128,429091091.0,1603.43,1.89415576,0.0,eth-usd
2023-03-01 00:07:27.014000128,429091092.0,1603.43,0.05490561,0.0,eth-usd
2023-03-01 00:07:27.014000128,429091093.0,1603.44,0.04740442,0.0,eth-usd
2023-03-01 00:07:27.100999936,429091094.0,1603.51,0.15491056,0.0,eth-usd
2023-03-01 00:07:27.132000000,429091095.0,1603.51,6.233e-05,0.0,eth-usd
2023-03-01 00:07:27.441999872,429091096.0,1603.44,0.18709465,1.0,eth-usd
2023-03-01 00:07:27.441999872,429091097.0,1603.43,0.18709482,1.0,eth-usd
2023-03-01 00:07:27.595000064,429091098.0,1603.4,0.14865725,1.0,eth-usd
2023-03-01 00:07:28.027000064,429091099.0,1603.43,0.26761258,0.0,eth-usd
2023-03-01 00:07:28.027000064,429091100.0,1603.43,0.03577242,0.0,eth-usd
2023-03-01 00:07:28.027000064,429091101.0,1603.44,0.00708067,0.0,eth-usd
2023-03-01 00:07:32.051000064,429091102.0,1603.42,0.37794569,1.0,eth-usd
2023-03-01 00:07:34.721999872,429091103.0,1603.43,0.03087132,0.0,eth-usd
2023-03-01 00:07:34.964999936,429091104.0,1603.43,0.01852279,0.0,eth-usd
2023-03-01 00:07:35.428999936,429091105.0,1603.43,0.00172683,0.0,eth-usd
2023-03-01 00:07:35.681999872,429091106.0,1603.42,0.28205431,1.0,eth-usd
2023-03-01 00:07:35.681999872,429091107.0,1603.41,0.27924241,1.0,eth-usd
2023-03-01 00:07:35.689999872,429091108.0,1603.41,0.23012571,1.0,eth-usd
2023-03-01 00:07:37.137999872,429091109.0,1603.42,0.01195668,0.0,eth-usd
2023-03-01 00:07:37.295000064,429091110.0,1603.42,0.01256181,0.0,eth-usd
2023-03-01 00:07:37.295000064,429091111.0,1603.42,0.116679,0.0,eth-usd
2023-03-01 00:07:37.337999872,429091112.0,1603.42,0.01451569,0.0,eth-usd
2023-03-01 00:07:37.836000000,429091113.0,1603.42,0.01204597,0.0,eth-usd
2023-03-01 00:07:37.836000000,429091114.0,1603.42,0.002469,0.0,eth-usd
2023-03-01 00:07:40.630000128,429091115.0,1603.42,0.01937009,0.0,eth-usd
2023-03-01 00:07:40.630000128,429091116.0,1603.42,0.00738243,0.0,eth-usd
2023-03-01 00:07:40.630000128,429091117.0,1603.43,0.1557155,0.0,eth-usd
2023-03-01 00:07:40.782000128,429091118.0,1603.42,0.003955,1.0,eth-usd
2023-03-01 00:07:40.894000128,429091119.0,1603.43,0.05967158,0.0,eth-usd
2023-03-01 00:07:42.313999872,429091120.0,1603.43,0.07571266,0.0,eth-usd
2023-03-01 00:07:43.040000000,429091121.0,1603.43,0.02182714,0.0,eth-usd
2023-03-01 00:07:43.176999936,429091122.0,1603.43,0.06234154,0.0,eth-usd
2023-03-01 00:07:44.872999936,429091123.0,1603.42,0.00629904,1.0,eth-usd
2023-03-01 00:07:45.624999936,429091124.0,1603.43,0.08950793,0.0,eth-usd
2023-03-01 00:07:48.943000064,429091125.0,1603.42,0.86370096,1.0,eth-usd
2023-03-01 00:07:48.943000064,429091126.0,1603.42,0.18709949,1.0,eth-usd
2023-03-01 00:07:48.943000064,429091127.0,1603.42,0.18709949,1.0,eth-usd
2023-03-01 00:07:48.943000064,429091128.0,1603.41,0.73796579,1.0,eth-usd
2023-03-01 00:07:49.335000064,429091129.0,1603.34,0.093289,0.0,eth-usd
2023-03-01 00:07:49.561999872,429091130.0,1603.32,0.104888,0.0,eth-usd
2023-03-01 00:07:49.591000064,429091131.0,1603.32,0.02711276,0.0,eth-usd
2023-03-01 00:07:49.643000064,429091132.0,1603.32,0.00813383,0.0,eth-usd
2023-03-01 00:07:49.676999936,429091133.0,1603.32,0.00348593,0.0,eth-usd
2023-03-01 00:07:49.676999936,429091134.0,1603.33,0.02424903,0.0,eth-usd
2023-03-01 00:07:49.721999872,429091135.0,1603.33,0.00832049,0.0,eth-usd
2023-03-01 00:07:49.756999936,429091136.0,1603.33,0.00249615,0.0,eth-usd
2023-03-01 00:07:49.788000000,429091137.0,1603.33,0.00074884,0.0,eth-usd
2023-03-01 00:07:49.831000064,429091138.0,1603.33,0.00032094,0.0,eth-usd
2023-03-01 00:07:49.831000064,429091139.0,1603.33,0.01380494,0.0,eth-usd
2023-03-01 00:07:49.831000064,429091140.0,1603.34,0.02021649,0.0,eth-usd
2023-03-01 00:07:49.916000000,429091141.0,1603.34,0.01030271,0.0,eth-usd
2023-03-01 00:07:49.919000064,429091142.0,1603.34,0.00441546,0.0,eth-usd
2023-03-01 00:07:49.919000064,429091143.0,1603.39,0.02645586,0.0,eth-usd
2023-03-01 00:07:50.076999936,429091144.0,1603.38,0.47,1.0,eth-usd
2023-03-01 00:07:50.088000000,429091145.0,1603.35,1.24738,1.0,eth-usd
2023-03-01 00:07:50.088000000,429091146.0,1603.35,8.28e-06,1.0,eth-usd
2023-03-01 00:07:50.096000000,429091147.0,1603.31,1.55926452,1.0,eth-usd
2023-03-01 00:07:50.120000000,429091148.0,1603.21,0.12637,1.0,eth-usd
2023-03-01 00:07:50.120999936,429091149.0,1603.21,9.5e-06,1.0,eth-usd
2023-03-01 00:07:50.158000128,429091150.0,1603.22,1.55935,1.0,eth-usd
2023-03-01 00:07:50.399000064,429091151.0,1603.18,0.00155781,0.0,eth-usd
2023-03-01 00:07:50.904000000,429091152.0,1603.15,0.03881629,0.0,eth-usd
2023-03-01 00:07:50.908000000,429091153.0,1603.14,0.32319,0.0,eth-usd
2023-03-01 00:07:53.275000064,429091154.0,1603.15,0.48,1.0,eth-usd
2023-03-01 00:07:53.275000064,429091155.0,1603.13,1.24755946,1.0,eth-usd
2023-03-01 00:07:53.275000064,429091156.0,1603.13,0.1871269,1.0,eth-usd
2023-03-01 00:07:53.700999936,429091157.0,1603.1,0.02979235,0.0,eth-usd
2023-03-01 00:07:53.724999936,429091158.0,1603.09,1.24758725,1.0,eth-usd
2023-03-01 00:07:53.724999936,429091159.0,1603.08,1.24759078,1.0,eth-usd
2023-03-01 00:07:54.376999936,429091160.0,1603.06,0.00130107,0.0,eth-usd
2023-03-01 00:07:54.616999936,429091161.0,1603.06,0.05741322,0.0,eth-usd
2023-03-01 00:07:55.548000000,429091162.0,1603.05,0.03103904,1.0,eth-usd
2023-03-01 00:07:55.668999936,429091163.0,1603.05,0.1,1.0,eth-usd
2023-03-01 00:07:55.716000000,429091164.0,1603.05,0.18485213,1.0,eth-usd
2023-03-01 00:07:55.716000000,429091165.0,1603.05,0.12502349,1.0,eth-usd
2023-03-01 00:07:55.716000000,429091166.0,1603.05,0.36,1.0,eth-usd
2023-03-01 00:07:55.716000000,429091167.0,1603.0,0.25,1.0,eth-usd
2023-03-01 00:07:55.716000000,429091168.0,1603.0,0.02,1.0,eth-usd
2023-03-01 00:07:55.716000000,429091169.0,1602.99,1.31167666,1.0,eth-usd
2023-03-01 00:07:55.716000000,429091170.0,1602.99,0.2479013,1.0,eth-usd
2023-03-01 00:07:55.716000000,429091171.0,1602.95,0.06919512,1.0,eth-usd
2023-03-01 00:07:55.815000064,429091172.0,1602.96,0.09765,0.0,eth-usd
2023-03-01 00:07:56.144999936,429091173.0,1602.85,1.95057643,0.0,eth-usd
2023-03-01 00:07:56.145999872,429091174.0,1602.84,0.12475563,1.0,eth-usd
2023-03-01 00:07:56.145999872,429091175.0,1602.84,0.30656893,1.0,eth-usd
2023-03-01 00:07:56.145999872,429091176.0,1602.84,0.12285214,1.0,eth-usd
2023-03-01 00:07:56.615000064,429091177.0,1602.78,0.00182023,0.0,eth-usd
2023-03-01 00:07:57.425999872,429091178.0,1602.72,0.00064762,0.0,eth-usd
2023-03-01 00:07:58.169999872,429091179.0,1602.71,0.01551362,0.0,eth-usd
2023-03-01 00:07:59.510000128,429091180.0,1602.61,0.01591116,0.0,eth-usd
2023-03-01 00:07:59.848000000,429091181.0,1602.61,0.00821638,0.0,eth-usd
2023-03-01 00:07:59.848000000,429091182.0,1602.61,0.0209098,0.0,eth-usd
2023-03-01 00:07:59.848000000,429091183.0,1602.62,0.01326842,0.0,eth-usd
2023-03-01 00:07:59.937999872,429091184.0,1602.6,0.00084879,1.0,eth-usd
2023-03-01 00:08:00.180000000,429091185.0,1602.62,0.01298145,0.0,eth-usd
2023-03-01 00:08:00.180000000,429091186.0,1602.62,0.00750337,0.0,eth-usd
2023-03-01 00:08:01.176999936,429091187.0,1602.61,0.00134911,1.0,eth-usd
2023-03-01 00:08:01.334000128,429091188.0,1602.62,0.01014933,0.0,eth-usd
2023-03-01 00:08:01.334000128,429091189.0,1602.62,0.02517067,0.0,eth-usd
2023-03-01 00:08:01.395000064,429091190.0,1602.62,5.62e-06,0.0,eth-usd
2023-03-01 00:08:01.395000064,429091191.0,1602.63,0.03702907,0.0,eth-usd
2023-03-01 00:08:01.752000000,429091192.0,1602.77,0.00297858,0.0,eth-usd
2023-03-01 00:08:01.803000064,429091193.0,1602.77,0.00620198,0.0,eth-usd
2023-03-01 00:08:02.126000128,429091194.0,1602.77,0.00559313,0.0,eth-usd
2023-03-01 00:08:02.830000128,429091195.0,1602.76,0.00559313,0.0,eth-usd
2023-03-01 00:08:02.860999936,429091196.0,1602.76,0.02601841,0.0,eth-usd
2023-03-01 00:08:02.860999936,429091197.0,1602.77,0.00424789,0.0,eth-usd
2023-03-01 00:08:03.007000064,429091198.0,1602.75,0.00406041,1.0,eth-usd
2023-03-01 00:08:03.280999936,429091199.0,1602.76,0.02772,0.0,eth-usd
2023-03-01 00:08:03.280999936,429091200.0,1602.76,0.00168544,0.0,eth-usd
2023-03-01 00:08:03.286000128,429091201.0,1602.77,0.01400472,0.0,eth-usd
2023-03-01 00:08:03.286000128,429091202.0,1602.77,0.01372196,0.0,eth-usd
2023-03-01 00:08:03.289999872,429091203.0,1602.78,1.24783,0.0,eth-usd
2023-03-01 00:08:05.792999936,429091204.0,1602.85,0.00143652,0.0,eth-usd
2023-03-01 00:08:06.083000064,429091205.0,1602.85,0.03238,0.0,eth-usd
2023-03-01 00:08:06.083000064,429091206.0,1602.85,1.13e-06,0.0,eth-usd
2023-03-01 00:08:06.083000064,429091207.0,1602.86,0.03598887,0.0,eth-usd
2023-03-01 00:08:06.131000064,429091208.0,1602.86,6.96e-06,0.0,eth-usd
2023-03-01 00:08:06.131000064,429091209.0,1603.04,0.65,0.0,eth-usd
2023-03-01 00:08:06.131000064,429091210.0,1603.09,0.82153022,0.0,eth-usd
2023-03-01 00:08:06.161999872,429091211.0,1603.15,0.00626,0.0,eth-usd
2023-03-01 00:08:06.161999872,429091212.0,1603.15,0.24006075,0.0,eth-usd
2023-03-01 00:08:06.161999872,429091213.0,1603.16,0.00626263,0.0,eth-usd
2023-03-01 00:08:06.161999872,429091214.0,1603.17,1.51213628,0.0,eth-usd
2023-03-01 00:08:06.163000064,429091215.0,1603.18,1.55940244,0.0,eth-usd
2023-03-01 00:08:06.163000064,429091216.0,1603.2,0.62394716,0.0,eth-usd
2023-03-01 00:08:06.164999936,429091217.0,1603.01,0.10589556,1.0,eth-usd
2023-03-01 00:08:06.191000064,429091218.0,1603.04,1.24763,0.0,eth-usd
2023-03-01 00:08:06.192000000,429091219.0,1603.04,1.1e-06,0.0,eth-usd
